1998 3814
493 335 648 412 3¹0
780 316 1551 388 EPISTOLARUM

483 433 800 496 abhorrent
843 453 879 492 a
915 431 1119 492 litteris
1146 474 1167 505 ‚
1204 429 1281 490 ab
1312 429 1685 493 humanitate
1712 477 1737 504 ,
1766 449 1887 494 mm

483 513 632 574 vero
668 514 955 576 contraria
1001 510 1128 574 sunt
1173 512 1421 591 imperio
1466 533 1535 572 ae
1580 513 1891 594 dignitati.

487 591 646 652 Nam
685 596 732 654 si
766 592 1159 672 implacabiles
1195 592 1499 654 iracundia
1530 595 1653 653 sint
1675 639 1697 666 ,
1738 593 1893 654 sum-

488 694 587 734 ma
633 672 716 733 est
749 674 1027 734 acerbitas
1066 693 1082 734 ε
1120 675 1209 732 sin
1252 689 1445 732 autem
1485 675 1841 736 exorabiles
1868 717 1889 746 ,

488 753 726 813 summa
749 755 994 816 levitas:
1032 772 1161 833 quae
1197 769 1395 813 tamen
1420 797 1443 827 ,
1472 772 1537 814 ut
1566 755 1635 814 in
1672 755 1889 826 malis,

483 836 786 904 acerbitati
820 833 1233 915 anteponenda
1274 831 1374 894 est.

571 913 764 976 XIV.
805 914 923 976 Sed
971 916 1249 995 quoniam
1288 918 1507 994 primus
1541 935 1747 976 annus
1784 915 1893 974 ha·

486 995 614 1064 buit
651 995 724 1056 de
764 995 872 1070 hac
911 995 1363 1076 reprehensione
1398 994 1731 1074 plurimum
1771 996 1885 1057 ser-
1955 1054 1956 1074 χ

487 1079 678 1139 monis
707 1121 726 1150 ,
762 1075 942 1138 credo
989 1092 1301 1156 propterea
1336 1119 1357 1148 ,
1400 1075 1567 1156 qubd
1604 1078 1725 1136 tibi
1764 1077 1885 1136 ho·
1955 1079 1956 1112 ff

490 1158 713 1224 minum
751 1154 970 1234 injuriae
989 1201 1010 1229 ‚
1044 1155 1205 1234 qubd
1243 1155 1534 1228 avaritiae,
1574 1157 1751 1236 qubd
1786 1161 1879 1218 in-

490 1235 732 1303 solentia
772 1255 977 1316 praeter
1016 1257 1055 1296 o
1098 1237 1359 1296 inionem
1392 1235 1701 1302 accidebat
1736 1282 1760 1312 ‚
1812 1237 1879 1296 ὃ(

487 1317 866 1378 intolerabilis
921 1317 1059 1378 vide
1102 1335 1227 1378 atur
1262 1337 1280 1388 ;
1332 1315 1614 1379 secundus
1658 1337 1875 1380 autem

487 1397 674 1458 multo
725 1399 915 1466 lenior
946 1443 986 1470 ,,
1010 1398 1173 1479 qubd
1214 1397 1275 1457 &
1322 1395 1691 1460 consuetudo
1730 1443 1755 1473 ,
1808 1399 1875 1458 ὅ(
1957 1393 1958 1418 ¹

489 1479 636 1541 ratio
669 1523 691 1552 ,
741 1479 807 1551 ,δέ
847 1476 876 1562 (
916 1495 980 1539 ut
1019 1497 1136 1571 ego
1178 1476 1479 1618 arbitror?
1518 1499 1675 1540 mea
1714 1501 1875 1562 quo-

489 1577 606 1696 ?ue
638 1558 842 1620 litterae
875 1575 932 1620 te
966 1560 1376 1640 patientiorem
1395 1602 1416 1632 ,
1468 1561 1748 1621 eniorem.
1788 1564 1793 1568 '
1830 1579 1863 1619 e

515 1657 752 1699 ecerunt
789 1660 810 1712 ;
855 1642 1057 1700 tertius
1118 1660 1296 1700 annus
1366 1640 1447 1700 ita
1498 1637 1615 1705 effe
1680 1641 1761 1704 de
1840 1655 1865 1698 t
1958 1590 1961 1704 l

485 1720 830 1780 emendatus
850 1764 870 1793 ‚
913 1737 976 1780 ut
1012 1739 1087 1781 ne
1120 1721 1420 1782 minimam
1456 1721 1705 1800 quidem
1738 1741 1865 1782 rem
1959 1739 1960 1742 ¹

483 1799 786 1879 quisquam
819 1802 1003 1880 possit
1034 1800 1211 1863 ullam
1246 1799 1701 1880 reprehendere.

577 1895 670 1959 33.
715 1879 808 1943 Ac
849 1879 966 1960 jam
1007 1880 1122 1943 hoc
1156 1881 1293 1942 loco
1332 1900 1453 1942 non
1486 1881 1861 1955 hortatione,
1960 1896 1962 2001 4

488 1979 682 2043 neque
745 1965 1048 2043 praeceptis
1090 2006 1109 2035 ,
1166 1961 1265 2023 sed
1326 1963 1601 2041 precibus
1662 1983 1859 2025 tecum

489 2039 752 2103 fraternis
785 2064 897 2125 ago
920 2064 940 2115 ;
967 2059 1159 2105 totum
1184 2060 1250 2103 ut
1280 2045 1541 2105 animum
1564 2088 1597 2117 ,,
1622 2064 1857 2117 curam,

485 2126 1021 2205 cogitationemque
1058 2140 1217 2185 tuam
1262 2144 1443 2203 ponas
1485 2125 1547 2183 in
1588 2130 1851 2189 omnium

486 2203 657 2267 laude
715 2204 968 2285 undique
1026 2204 1372 2285 colligenda.
1432 2202 1633 2283 Quod
1690 2209 1741 2267 si
1796 2209 1851 2265 in

483 2284 768 2347 mediocri
813 2284 952 2345 statu
998 2282 1275 2345 sermonis
1316 2304 1383 2343 ac
1427 2285 1861 2363 praedicationis.

484 2362 688 2425 nostrae
727 2385 819 2425 res
857 2364 1081 2437 effent3
1128 2365 1271 2425 nihil
1304 2364 1407 2423 abs
1438 2382 1499 2424 te
1534 2370 1845 2439 eximium,

481 2443 620 2503 nihil
647 2463 852 2524 praeter
880 2446 1125 2507 aliorum
1154 2444 1639 2507 consuetudinem
1662 2446 1847 2527 postu-

480 2523 728 2585 laretur:
758 2547 914 2599 ‚nunc
945 2525 1091 2587 verb
1118 2545 1355 2605 propter
1386 2545 1589 2585 earum
1628 2546 1845 2601 retum,

482 2608 541 2665 in
583 2605 786 2687 quibus
835 2607 1041 2667 versati
1082 2604 1271 2665 sumus
1303 2649 1323 2677 ‚
1370 2604 1753 2685 splendorem
1786 2608 1842 2667 &

483 2685 940 2768 magnitudinem
977 2732 998 2761 ‚
1046 2688 1157 2747 nisi
1190 2684 1473 2745 summam
1506 2685 1755 2749 laudem
1776 2708 1841 2749 ex

480 2764 582 2835 ista
637 2770 935 2848 provincia
989 2766 1331 2849 affequimur
1359 2811 1379 2839 ‚
1404 2768 1527 2825 .vix
1576 2771 1841 2831 videmur

479 2845 764 2909 summam
801 2851 1291 2930 vituperationem
1322 2844 1483 2929 posse
1514 2849 1731 2912 vitare.
1766 2848 1841 2909 Ea
