1998 3814
330 369 456 422 AD
493 351 1014 446 QJFRATREM
1034 353 1331 426 LJBJI,
1387 365 1538 450 341·

160 483 207 528 ε
246 465 305 530 se
347 467 561 549 prope·
578 467 877 543 alienato',
914 466 1219 530 nobilitate
1265 468 1498 530 inimici
1513 511 1540 546 ‚

156 569 287 610 non
348 569 527 630 aequo
584 546 779 610 senatu
821 595 841 624 ,
898 547 1202 630 juventute
1250 551 1542 631 improbi.

160 627 383 710 Itaque
444 629 504 690 se
556 647 855 712 comparat
882 673 903 704 ,
956 629 1224 690 homines
1269 647 1344 690 ex
1386 630 1538 712 agris

154 712 449 770 arcessit:
490 729 697 790 operas
736 731 929 772 autem
965 709 1090 770 suas
1125 709 1368 771 Clodius
1395 730 1544 770 con-

154 788 397 852 firmat:
446 811 650 851 manus
694 791 767 852 ad
804 789 1132 870 Quirinalia
1177 808 1440 871 paramrz
1475 793 1539 852 in

156 891 237 932 eo
286 871 483 932 multo
528 870 721 932 {umus
756 872 1079 953 superiores
1119 873 1298 952 ipsius
1335 873 1546 952 copiis·

153 951 281 1014 Sed
334 972 552 1034 magna
596 973 803 1028 manus,
851 973 924 1014 ex
978 951 1198 1013 Piceno
1235 952 1300 1012 δι
1341 951 1540 1015 Gallia

154 1032 527 1113 exspeRatur
548 1078 568 1107 ,
614 1051 679 1094 ut
707 1035 883 1095 etiam
924 1031 1174 1094 Catonis
1215 1034 1544 1114 rogationi-

158 1113 271 1174 bus
336 1112 412 1174 de
478 1113 705 1175 Milone
760 1115 825 1174 &
889 1112 1142 1174 Lentulo
1205 1111 1547 1176 resistamus.

158 1193 243 1254 A.
310 1193 371 1254 d.
440 1210 533 1254 lv.
599 1192 689 1255 Id.
756 1193 981 1256 Sextius
1039 1193 1114 1254 ab
1166 1193 1358 1254 indice
1421 1191 1541 1256 Cn.

161 1271 357 1336 Nerio
382 1273 624 1355 Pupinia
652 1320 673 1349 ,
714 1275 788 1336 de
826 1275 1048 1336 ambitu
1076 1273 1158 1336 est
1187 1271 1546 1356 postulatus;

162 1355 229 1415 &
279 1356 507 1416 eodem
554 1355 649 1418 die
704 1379 739 1416 a
788 1356 1044 1438 quodam
1087 1355 1176 1416 M.
1221 1353 1424 1416 Tullio
1463 1354 1543 1418 de

158 1439 222 1497 vi
272 1457 287 1496 ε
347 1439 397 1498 is
446 1453 569 1498 erat
617 1457 785 1519 aeger.
838 1435 1110 1499 Domum
1155 1435 1182 1515 (
1223 1453 1286 1497 ut
1327 1435 1544 1496 debui-

160 1537 299 1578 mus
336 1515 365 1596 )
422 1517 495 1576 ad
553 1537 690 1579 eum
742 1517 928 1578 statim
983 1519 1252 1578 venimus
1287 1535 1310 1590 ;
1368 1518 1544 1598 eique

156 1619 276 1659 nos
313 1615 476 1658 totos
507 1598 879 1671 tradidimus3
904 1597 1084 1678 idque
1117 1595 1362 1658 fecimus
1396 1617 1543 1677 prae-
1609 1605 1620 1614 ‘

162 1695 258 1739 ter
295 1677 603 1738 hominum
638 1681 1017 1758 opinionem,
1052 1679 1150 1758 qui
1181 1698 1290 1736 nos
1329 1679 1386 1738 ei
1415 1675 1543 1756 iure

162 1757 501 1820 succensere
539 1759 818 1839 putabant
839 1805 859 1834 ,
892 1777 957 1818 ut
982 1758 1378 1818 humanissimi
1415 1779 1545 1840 gra-

163 1841 495 1921 tissimique
546 1840 605 1898 &
654 1843 764 1921 ipsi
803 1883 824 1915 ,
875 1839 939 1900 δε
978 1838 1250 1899 omnibus
1303 1839 1542 1899 videre·-

162 1940 341 1987 mur:
391 1922 587 2001 itique
626 1920 921 1982 faciemus.
968 1920 1090 1982 Sed
1129 1920 1286 1979 idem
1331 1919 1542 1981 Nerius

160 2002 345 2061 index
384 2001 569 2061 edidit
606 2001 679 2061 ad
731 2002 1010 2083 allegatos
1065 1998 1180 2062 Cn.
1227 1998 1542 2061 Lentulum

163 2079 455 2142 Vacciam
516 2082 578 2141 δι
631 2079 726 2142 C.-
762 2080 1126 2143 Cornelium.
1172 2079 1401 2139 Eodem
1445 2080 1544 2141 die

163 2161 729 2224 senatusconsultum
761 2162 971 2223 fabium
1017 2159 1098 2222 est
1134 2205 1154 2235 ‚
1205 2162 1288 2220 Ut
1312 2160 1543 2238 finiali-

166 2263 311 2304 tates
366 2246 741 2323 decuriatique
793 2244 1120 2324 ‹iffi-ederent
1156 2262 1182 2313 ,·
1234 2244 1430 2319 lexque
1475 2242 1544 2301 de

166 2325 241 2385 iis
265 2326 512 2403 firretur
542 2356 565 2396 ,
612 2344 673 2385 ut
693 2370 714 2397 ,
756 2327 849 2403 qui
890 2327 1007 2385 nort
1039 2318 1391 2403 discessfflm
1411 2364 1430 2394 ,
1469 2322 1540 2383 eet

158 2405 331 2487 poena*
374 2449 400 2477 ,
455 2425 575 2482 quae
617 2408 685 2485 est
720 2406 785 2462 de
830 2406 891 2463 vi
916 2448 935 2477 ‚
979 2420 1297 2463 tenerentur.
1351 2400 1428 2463 Α.
1477 2402 1544 2463 d.
1649 2472 1652 2477 ¹

170 2502 276 2545 ιιι.
324 2483 417 2543 Id.
457 2484 577 2545 dixi
618 2506 727 2565 pro
773 2482 961 2544 Bestia
1007 2484 1080 2543 de
1131 2480 1349 2542 ambitu
1386 2483 1542 2561 apud

166 2583 489 2647 praetorem
532 2563 646 2629 Cn.
680 2562 1014 2625 Domitium
1043 2566 1104 2622 in
1135 2562 1269 2624 foro
1301 2564 1500 2622 medio
1519 2606 1544 2635 ,

169 2648 432 2706 maximo
498 2663 796 2707 conventu
848 2666 868 2718 ;
925 2644 1220 2723 incidique
1279 2644 1341 2702 in
1401 2660 1544 2702 eum

169 2726 373 2788 locum
414 2728 475 2785 in
517 2726 766 2787 dicendo
791 2771 811 2799 ,
862 2746 1042 2807 quum
1083 2722 1306 2785 Sextius
1328 2767 1350 2796 ,
1387 2721 1544 2779 mul-

168 2811 241 2867 tis
286 2810 351 2867 in
386 2807 612 2886 templo
656 2804 907 2867 Castoris
946 2804 1280 2867 vulneribus
1326 2820 1542 2881 accep-

170 2890 241 2951 tis
284 2930 307 2963 ,
363 2886 617 2951 subsidio
664 2886 865 2951 Beffiae
912 2886 1190 3027 servata}
1215 2878 1372 2979 effet.
1421 2880 1539 2945 Hic

1227 2984 1290 3046 ιι]
