1998 3814
321 392 443 445 AD
480 376 932 443 ΓΑΜιιιΑκ.
969 375 1140 445 Lm.
1169 373 1334 445 XV.
1384 396 1478 449 22
1493 400 1542 453 r.

168 487 453 569 Synnadis
477 534 500 562 ,
532 488 787 549 totidem
828 488 953 550 dies
992 487 1312 549 Philomeli.
1367 486 1540 568 Qui-

166 570 265 629 bus
317 573 379 629 in
428 570 671 651 oppidis
728 589 908 649 quum
960 571 1156 651 magni
1213 588 1551 633 conventus-

164 646 421 723 fuiss‘ent‚
452 649 665 709 multas
708 650 968 710 civitates
1009 649 1384 711 acerbissimis
1428 655 1536 711 tri-

160 728 349 802 butis,
384 730 452 788 &
490 730 841 811 gravissimis
884 728 1096 802 usuris,
1133 728 1198 789 &
1237 729 1378 790 falso
1421 748 1536 791 aere

163 810 355 869 alieno
390 808 665 869 liberavi.
694 808 1018 889 Quumque
1055 826 1186 869 ante
1221 811 1538 871 adventum·

159 908 359 949 meum
410 887 703 948 seditione
760 889 1011 967 quadam
1063 892 1344 949 exercitus
1396 890 1538 953 esset

160 968 509 1049 dissipatuS,
536 969 792 1048 quinque
832 968 1100 1029 cohortes
1141 971 1264 1029 sine
1302 970 1494 1051 legato
1513 1016 1536 1046 ,

160 1050 281 1110 sine
320 1048 565 1108 tribuno
602 1048 889 1120 militum,
918 1048 1167 1127 denique
1203 1050 1377 1107 etiam
1413 1053 1539 1111 sine

164 1130 509 1190 centurione
554 1128 677 1187 ullo
714 1127 870 1207 apud
904 1126 1290 1188 Philomelum
1337 1129 1540 1190 conse-

164 1208 402 1281 diffent,
432 1208 685 1287 reliquus
720 1210 1004 1269 exercitus
1041 1206 1272 1269 esset&
1305 1208 1540 1290 Lycao-

162 1290 301 1363 nia3
338 1288 433 1348 M.
458 1286 697 1347 Anneio
737 1289 930 1369 legato
976 1290 1298 1368 imperavi,
1336 1308 1398 1351 ut
1439 1309 1536 1353 eas

242 1372 423 1449 inque
472 1368 741 1428 cohortes
784 1367 857 1426 ad
894 1368 1180 1449 reliquum
1218 1372 1538 1429 exercitum

164 1390 439 1521 affectet,
467 1446 787 1529 coafiioque
822 1449 881 1507 in
916 1468 1097 1509 unum
1134 1448 1329 1509 iocum
1365 1470 1538 1510 exer-

164 1532 279 1590 citu
302 1574 323 1603 ‚
364 1527 541 1588 castra
594 1531 654 1587 in
705 1528 1004 1608 Lycaonia
1061 1530 1215 1607 apud
1265 1528 1532 1589 Iconium

166 1608 404 1669 faceret.
472 1608 659 1687 Quod
720 1628 899 1688 quum
958 1609 1032 1667 ab
1077 1608 1180 1667 illo
1232 1608 1542 1689 diligenter

167 1688 307 1749 effet
348 1688 573 1760 assum,
604 1708 719 1771 ego
758 1692 819 1746 in
858 1686 1034 1747 castra
1074 1710 1126 1747 a.
1154 1688 1209 1747 d.
1237 1684 1364 1747 vui
1396 1690 1536 1750 Kal.

164 1768 328 1850 Sept.
348 1772 529 1841 veni3
553 1788 728 1848 quum
760 1770 979 1827 interea
1010 1768 1389 1849 superioribus
1417 1772 1540 1849 ‘die-

164 1850 271 1910 bus
338 1868 413 1910 ex
471 1846 951 1910 senatusconsulto
974 1892 993 1924 ‚
1040 1847 1103 1907 &
1157 1869 1543 1911 evocatorum

166 1928 405 1990 firmam
452 1949 687 1990 manum
706 1975 726 2002 ‚
762 1929 825 1988 &
862 1931 1182 2008 equitatum
1229 1929 1358 1991 sane
1405 1932 1540 1992 idoa-

164 2031 345 2071 neum
364 2055 383 2083 ,
409 2010 473 2070 &
498 2010 848 2090 populorum
875 2011 1188 2070 liberorum
1218 2029 1540 2094 regumque

162 2090 461 2152 sociorum
512 2091 719 2149 auxilia
768 2088 1091 2150 voluntaria
1141 2091 1540 2170 comparavis-

165 2170 310 2231 sem.
340 2169 577 2230 Interim
610 2190 821 2250 quum,
847 2174 1104 2230 exercitu
1137 2168 1364 2230 lustrato
1383 2213 1402 2242 ‚
1431 2174 1544 2232 iter

162 2255 223 2310 in
244 2250 517 2314 Ciliciam
542 2250 731 2310 facere
759 2249 1219 2330 coepiffem,Kal.
1235 2235 1538 2330 Septemb.

164 2332 345 2413 legati
388 2352 423 2390 a
458 2350 595 2412 rege
639 2327 1046 2412 Commageno
1091 2331 1164 2390 ad
1204 2349 1298 2399 me
1339 2333 1537 2408 missi,

204 2410 672 2484 ertumultuose,
710 2429 895 2490 neque
946 2429 1140 2471 tamen
1187 2431 1308 2470 non
1351 2413 1489 2473 vere
1514 2445 1541 2489 ‚·

213 2491 414 2566 arthos
452 2493 511 2549 in
546 2488 779 2570 Syriam
820 2489 1068 2552 transisse
1111 2493 1548 2553 nuntiaverunt.

168 2570 323 2650 Quo
364 2570 565 2630 audito
586 2613 609 2642 ‚
630 2570 1008 2632 vehementer
1043 2569 1166 2629 sum
1205 2589 1548 2631 commotus

166 2671 349 2732 quum
388 2651 462 2709 de
500 2649 709 2730 Syria,
734 2667 857 2710 tum
902 2651 974 2709 de
1018 2670 1149 2710 mea
1193 2652 1538 2730 provincia,

167 2733 241 2791 de
287 2731 509 2810 reliqua
554 2731 805 2812 denique
850 2729 1010 2790 Asia.
1064 2727 1264 2809 Itaque
1312 2731 1542 2790 exerci-

168 2829 296 2871 tum
334 2813 477 2870 mihi
517 2810 847 2870 ducendum
885 2829 991 2888 per
1022 2806 1409 2888 Cappadociae
1449 2829 1542 2869 re-

168 2895 409 2974 gionem
464 2911 597 2953 eam
621 2933 642 2964 ,
690 2909 817 2972 quae
870 2887 1138 2952 Ciliciam
1196 2890 1536 2976 attingeret,

1136 2974 1186 3032 K
1224 2969 1286 3050 ii,
