1998 3814
497 303 1213 378 AD.an:rvu.
1368 323 1529 403 445

131 436 238 482 rat
261 466 284 495 ‚
311 418 378 482 &
413 419 654 496 Labeo,
693 423 760 482 &
786 421 1068 502 Scaptius.
1112 421 1197 480 At
1230 420 1327 482 illa
1365 440 1531 482 retu-

129 501 210 560 lit
243 545 266 576 ‚
306 505 687 582 quaesivitque
720 547 739 576 ‚
781 503 1059 583 quidnam
1112 502 1253 560 mihi
1300 503 1533 565 videre-

131 597 242 642 tur
273 602 290 638 ε
331 581 810 643 arcesseremusne
836 601 893 642 te
919 625 940 656 ,
968 600 1138 661 atque
1161 582 1219 640 id
1246 583 1349 642 tibi
1376 603 1531 644 con-⁴

131 662 366 734 ducere
411 683 744 742 putaremus
783 683 802 733 ;
839 683 912 721 an
952 662 1176 722 tardare
1201 707 1218 734 ‚
1254 664 1317 721 &
1356 683 1530 722 com-

127 744 370 801 morari
394 762 451 803 te
475 789 494 813 ‚
523 746 726 803 melius
746 745 902 803 ess'et.
925 741 1219 822 Respondi
1252 743 1341 815 id,
1368 743 1529 824 quod

129 821 476 882 sentiebam
495 823 560 879 δι
586 825 846 903 dignitati
863 867 884 896 ‚
917 824 980 881 &
997 821 1395 882 existimationi
1414 843 1529 884 tuae

128 902 410 978 maxime
441 903 766 974 conducere
783 947 801 975 ‚
823 919 892 979 te·
913 903 1101 979 primo
1120 921 1358 981 quoquo
1380 922 1533 962 tem·

129 1001 298 1061 pore
337 983 490 1042 ferre
539 983 865 1060 praesidium
897 981 1111 1042 labenti
1147 984 1209 1040 ὃ(
1246 985 1530 1046 inclinata

131 1063 510 1142 peipublicae.
551 1061 724 1142 Quid
763 1066 917 1122 enim
955 1061 1141 1138 abesse
1172 1063 1531 1132 censes,mali

130 1143 206 1200 in
241 1163 321 1204 eo
353 1144 640 1215 be110‚in
678 1165 796 1223 quo
837 1141 1081 1204 vitiores
1113 1145 1391 1204 exereitus
1428 1145 1529 1206 fu-

133 1224 416 1303 gientem
437 1222 658 1284 hostem
686 1222 946 1304 persequi
979 1223 1289 1282 noluerunt
1317 1224 1339 1282 ἓ
1372 1225 1439 1284 ἃ
1465 1228 1527 1288 in

133 1324 270 1383 quo
301 1306 612 1364 incolumis
646 1309 996 1383 imperator,
1035 1304 1353 1364 honoribus
1392 1326 1528 1364 am·-

135 1385 429 1464 plissimis
448 1415 478 1456 ‚·
505 1385 860 1464 fortunisque
892 1386 1155 1464 maximis
1172 1428 1193 1457 ,
1234 1381 1482 1466 conjuge
1506 1429 1529 1462 ,

135 1465 392 1538 liberis,
430 1465 597 1525 vobis
651 1464 915 1534 affinibus
975 1484 1209 1526 ornatus
1236 1509 1257 1538 ‚
1308 1467 1528 1526 bellum

133 1545 489 1625 reipublicae
559 1547 826 1606 indixerit
889 1545 912 1604 ἓ
977 1546 1143 1623 Quid
1206 1545 1391 1606 dicam
1464 1548 1527 1606 in
1616 1559 1627 1568 ‘

136 1641 316 1686 tanto
351 1625 574 1686 senatfis
609 1628 929 1708 populique
969 1623 1243 1686 consensu
1270 1670 1291 1696 ‚
1346 1638 1527 1706 quun

132 1723 382 1766 tantum
418 1707 666 1768 resideat
703 1709 846 1766 intra
901 1727 1101 1764 muros
1150 1707 1285 1766 mali
1319 1705 1343 1765 ἓ
1384 1706 1525 1766 Ma·-

136 1789 314 1848 ximo
361 1805 595 1861 autem,
629 1808 808 1868 quum
849 1787 970 1845 haec
1012 1786 1328 1846 scribebam
1354 1831 1373 1859 ,
1398 1787 1527 1849 affi-

177 1867 351 1928 iebar
396 1867 638 1942 dolore,
670 1867 866 1949 qubd‚
905 1888 1085 1948 quum
1116 1887 1210 1926 me
1249 1889 1355 1949 pro
1382 1869 1527 1930 ado·

118 1887 474 2011 fescenmlo
500 1971 570 2008 ac
612 1970 764 2031 pene
796 1969 977 2029 puero
1020 1948 1335 2027 respublica
1364 1971 1533 2011 acce-

137 2026 322 2111 pisset
359 2030 613 2102 vadem,
650 2032 752 2089 vix
790 2028 1033 2089 videbar
1055 2073 1079 2100 ,
1118 2030 1277 2108 quod
1314 2033 1532 2107 promi-

138 2109 340 2171 seram
361 2154 382 2182 ,
420 2108 678 2190 praestare
713 2108 890 2191 poss'e.
921 2106 1017 2167 Est
1064 2128 1255 2167 autem
1301 2114 1532 2188 gravior

140 2191 212 2250 &
259 2189 546 2251 difficilior
581 2195 758 2251 animi
800 2193 860 2251 ὅ(
897 2189 1189 2249 sententiae
1212 2232 1231 2263 ,
1263 2191 1529 2249 maximis

141 2270 472 2353 praesertim
495 2275 554 2330 in
591 2274 759 2332 rebus
789 2316 806 2343 ‚
831 2292 938 2351 pro
963 2270 1179 2347 altem,
1213 2269 1383 2349 quam
1413 2290 1527 2349 pe-

139 2354 340 2413 cuniae
365 2396 386 2424 ‚
425 2350 700 2431 obligatio
730 2375 741 2409 :
771 2350 892 2411 haec
931 2352 1089 2411 enim
1126 2348 1269 2411 solvi
1295 2348 1525 2430 potest,

141 2432 213 2491 &
265 2430 351 2493 est
400 2435 484 2493 rei
535 2432 824 2493 familiaris
885 2429 1101 2524 jafiiura·
1153 2431 1461 2491 tolerabilis
1506 2452 1527 2505 ;

141 2511 1190 2671 ΞᾏΡαῗῖἶῗἷινῖἲῖἀῃῑξῗοξοέἒξζῖἷᾱῖ
1224 2513 1532 2671 εἶὲῧῗὲἶῖ

139 2676 290 2734 titur
315 2716 339 2745 ,
380 2695 490 2753 pro
530 2696 646 2755 quo
671 2672 1050 2755 spoponderis
1088 2670 1110 2730 ἓ
1147 2669 1531 2751 Quamquam

143 2752 218 2813 &
263 2754 416 2813 hunc
453 2752 572 2835 (ut
621 2752 840 2835 spero)
883 2752 1097 2813 tenebo
1132 2796 1151 2826 ‚
1185 2754 1377 2811 multis
1420 2770 1527 2811 re-

143 2835 540 2917 pugnantibus
574 2855 589 2894 :
622 2836 850 2899 videtur
887 2836 1044 2895 enim
1080 2834 1140 2893 in
1182 2852 1259 2907 eo
1292 2829 1403 2893 effe
1428 2834 1521 2893 in·-
