1998 3814
472 310 643 406 238
773 311 1519 381 EPISTOLARUM

506 444 612 484 uos
661 425 895 485 mereris
942 468 963 498 ‚
1039 424 1103 485 &
1164 444 1310 518 quos
1371 422 1499 483 fore
1571 420 1846 485 confido:

514 524 591 585 go
634 548 655 577 ‚
718 504 765 563 si
802 524 899 563 me
943 506 1238 587 navigatio
1293 525 1413 563 non
1465 503 1796 563 morabitur
1825 550 1844 579 ‚

474 604 593 662 ,ιι-ω
642 584 965 646 incurrebat
1003 587 1062 645 in
1101 584 1256 665 ipsos
1299 581 1562 655 Etesia8‚
1608 604 1844 665 prope-.-

462 603 627 725 aiem
668 680 769 739 te,
809 681 872 724 ut
916 663 1130 747 spero,
1172 664 1412 727 videbo-
1467 662 1651 725 Vale.

522 788 615 853 Μ.
654 790 731 853 Τ.
772 791 1074 856 C..lr.11=.
1128 792 1197 855 L.
1259 792 1546 853 mvto
1609 791 1804 856 Cos·

804 891 1156 937 neuen.
1217 872 1278 935 S.
1319 872 1383 933 P.
1425 870 1510 933 D.
1789 922 1799 931 .

466 1001 874 1057 ΘκιῒυιΑΥυι
911 1006 1071 1056 Paulo
1116 1008 1174 1055 de
1215 1002 1461 1073 confidam
1495 1038 1516 1061 ,
1573 1004 1622 1055 6·
1653 1022 1715 1055 ne
1745 1004 1843 1057 siba*

508 1080 758 1147 provincia!
769 1095 1056 1147 prorogetur
1071 1113 1090 1136 ,
1115 1092 1270 1148 togae.
1309 1080 1452 1127 Anno
1478 1076 1545 1127 U.
1571 1081 1628 1129 C.
1654 1096 1781 1143 702.

474 1244 567 1287 12.
594 1156 841 1286 E‘rsl
884 1228 1026 1287 mihi
1059 1247 1375 1307 numquam
1409 1224 1518 1287 fuit
1549 1226 1792 1288 dubium
1812 1274 1831 1301 ,

464 1308 607 1386 quin
650 1324 711 1367 te
753 1308 1002 1387 populus
1043 1307 1340 1368 Romanus
1380 1328 1488 1387 pro
1539 1310 1654 1368 tuis
1686 1306 1837 1369 sum-

414 1416 420 1425 ·
460 1390 573 1449 mis
603 1389 665 1448 in
707 1389 1120 1467 rempublicam
1155 1390 1370 1449 meritis
1395 1432 1416 1460 ‚
1453 1388 1518 1449 &
1547 1408 1662 1469 pro
1705 1410 1833 1449 am-

463 1466 718 1549 plissima
744 1466 971 1527 familia:
1003 1470 1272 1551 dignitate
1299 1514 1320 1542 ,
1351 1466 1575 1527 summo
1605 1465 1830 1543 studio,

464 1544 677 1611 cunffis
718 1546 879 1607 suffra
920 1551 985 1609 iis
1029 1546 1322 1609 consulem
1366 1546 1610 1608 fastums
1649 1548 1828 1609 esset:

464 1644 661 1689 tamen
718 1570 1038 1689 increffibili
1097 1629 1304 1689 laetitia.
1343 1626 1468 1687 sum
1531 1622 1770 1689 affeaus
1808 1674 1826 1705 ,

460 1702 659 1789 quum⁴
692 1706 751 1768 id
804 1710 945 1769 mihi
993 1712 1312 1787 nuntiatum
1365 1702 1446 1768 est
1486 1728 1508 1781 ;
1571 1728 1825 1791 eumque

462 1786 753 1847 honorem
807 1790 911 1849 tibi
962 1790 1106 1851 deos
1163 1784 1470 1869 fortunare·
1520 1784 1670 1849 volo
1715 1834 1734 1861 ,
1791 1811 1824 1849 a

460 1886 635 1950 teque
668 1889 737 1928 ex
768 1886 862 1930 tua
884 1915 911 1942 ,
935 1864 1334 1950 majorumque
1360 1887 1596 1929 tuorum
1628 1866 1823 1952 digni-

457 1967 579 2018 ,tate
624 1947 1012 2012 administrari.
1073 1952 1268 2031 Atque
1319 1951 1539 2008 utinam
1576 1948 1824 2029 praesens

458 2027 623 2096 illum
660 2029 811 2089 diem
849 2031 986 2090 mihi
1020 2033 1445 2111 optatissimum
1475 2029 1686 2091 videre
1727 2053 1823 2112 po·

456 2107 679 2171 tuissem
700 2155 719 2180 ‚
754 2130 976 2192 proque
1011 2115 1122 2170 tuis
1159 2111 1521 2190 amplissimis
1555 2131 1702 2192 erga
1733 2131 1820 2172 me

454 2188 649 2258 studiis
684 2208 857 2270 atque
894 2187 1188 2252 beneficiis
1224 2188 1326 2250 tibi
1360 2209 1605 2269 operam
1633 2213 1820 2252 meam

453 2267 814 2350 studiumque
859 2291 1092 2331 navare.
1138 2267 1341 2348 Quam
1383 2270 1531 2328 mihi
1577 2263 1821 2332 faculta-

454 2367 579 2434 tem
622 2369 798 2430 quum
842 2349 933 2410 hic
974 2370 1082 2410 nec
1121 2354 1388 2429 opinatus
1431 2347 1496 2408 &
1533 2351 1817 2430 improvi-

456 2428 544 2493 sus
620 2431 887 2506 royinciae
922 2429 1076 2490 casus
1108 2434 1350 2510 eripuit,
1391 2446 1632 2504 tamen,
1672 2450 1737 2491 ut
1761 2450 1814 2491 te

388 2585 395 2590 ι
450 2451 748 2590 penalem
792 2509 1204 2588 rempublicam
1245 2532 1352 2590 pro
1394 2526 1492 2569 tua
1536 2509 1810 2592 dignitate

452 2609 753 2672 gerentem
802 2589 999 2668 vjdere
1045 2593 1264 2672 p9ssim
1298 2635 1320 2666 ‚
1373 2611 1434 2650 m
1509 2608 1737 2670 nopere
1777 2613 1810 2652 a

450 2689 513 2738 te
554 2689 694 2750 peto
723 2714 743 2739 ‚
788 2683 851 2726 ut
900 2664 1291 2750 operam-des
1329 2713 1350 2742 ‚
1511 2671 1630 2729 cias
1668 2716 1691 2744 ‚
1737 2690 1804 2731 ne

452 2751 595 2832 quid
636 2749 773 2812 mihi
820 2746 920 2813 fiat
958 2747 1176 2829 injuriae
1203 2795 1222 2822 ,
1272 2769 1424 2810 neve
1467 2751 1608 2829 quid=
1652 2753 1806 2810 tem-‘-

450 2831 615 2917 poris
658 2831 731 2892 ad
772 2833 971 2894 meum
1015 2841 1267 2894 annuum
1298 2850 1518 2908 munus
1551 2831 1804 2905 accedat,
