1998 3814
378 307 516 377 AD
551 307 1013 376 FAMILIAR.
1056 307 1228 379 LIB.
1268 307 1407 382 XI.
1480 311 1583 404 29

193 423 432 502 putavi,
453 421 622 504 priits
643 441 708 483 ut
731 424 916 504 Alpes
929 422 1357 504 transgrederer,
1382 427 1547 506 qua'm
1562 471 1585 502 ‚

206 505 346 580 quid
380 505 496 585 istic
542 523 793 585 ageretur
829 549 851 578 ‚
885 505 1103 584 sitirem.
1167 509 1321 568 Nam
1366 509 1433 568 de
1479 528 1579 570 tuo

186 585 448 663 periculo
473 627 498 657 ,
535 588 692 644 crede
721 586 857 646 milti
876 629 899 656 ,
926 583 1227 664 jac-latione
1258 589 1535 658 verborum
1558 633 1581 664 ,

198 664 260 722 6·
302 666 717 728 denuntiatione
751 665 990 746 periculi
1020 711 1041 741 ,
1074 667 1295 746 sperare
1327 690 1419 730 eos
1456 713 1479 742 ,
1528 689 1581 731 te

183 741 571 825 pertimefiu‘lo
608 791 629 821 ,
684 746 1024 826 adoleftente
1079 749 1306 830 impulso
1347 794 1368 824 ,
1426 747 1579 830 poffi

194 847 405 908 magna
472 825 726 907 consequi
771 828 1002 907 praemia
1024 848 1051 899 ,·
1098 829 1153 888 ὃ·
1211 848 1379 890 totam
1424 832 1579 912 istam

193 907 542 968 cantilenam
593 929 664 966 ex
699 909 802 968 boc
843 909 1081 988 pendere
1100 953 1119 983 ,
1154 928 1217 970 ut
1253 911 1414 991 qucim
1444 913 1582 992 plu·

193 986 398 1046 timum
451 989 596 1046 lucri
623 985 870 1067 faciant.
922 991 1119 1068 Neque
1161 1009 1338 1050 tamen
1374 1015 1483 1051 non
1523 1011 1575 1052 te

193 1086 427 1127 cautum
473 1065 574 1146 effi
613 1069 742 1129 volo
767 1112 788 1140 ‚
851 1069 908 1128 ἃ
961 1070 1202 1130 insidias
1250 1074 1513 1134 vitantem
1554 1095 1575 1134 .·

195 1150 352 1208 nihil
390 1150 538 1208 enim
577 1149 675 1208 ttta‘¹
713 1149 845 1209 milti
875 1149 998 1209 vita'
1026 1155 1197 1233 potest
1230 1151 1328 1231 effi
1356 1151 1577 1235 jucun-

165 1230 333 1289 ,ὀίω-
351 1272 375 1299 ,
406 1251 581 1310 neque
614 1232 816 1290 carius.
856 1230 1013 1290 Illud
1039 1233 1165 1292 vide
1188 1277 1211 1307 ‚
1233 1257 1301 1292 ne
1318 1278 1343 1306 ‚
1372 1251 1579 1294 timen-

195 1312 273 1370 do
293 1355 320 1381 ,
353 1312 536 1391 magis
570 1312 752 1368 timere
780 1332 972 1393 cogare
991 1332 1021 1384 ‚·
1052 1313 1108 1373 6·
1123 1357 1148 1385 ,
1190 1316 1385 1392 quibus
1420 1316 1581 1378 rebus

183 1393 372 1473 potest
390 1393 606 1450 occurri
635 1393 912 1452 veteranis
927 1435 948 1464 ‚
978 1413 1252 1456 occurras.
1284 1395 1533 1456 Primum
1558 1440 1582 1472 ,

167 1475 356 1553 .quod
402 1474 720 1532 desiderant
779 1474 845 1531 de
895 1475 1212 1536 decemviris
1246 1519 1267 1547 ,
1322 1473 1517 1555 facias
1548 1499 1581 1551 ‚-

195 1553 398 1612 deinde
414 1598 442 1626 ‚
485 1555 552 1611 de
586 1553 845 1632 praemiis.
887 1556 954 1614 Si
979 1556 1089 1614 ‘tibi
1124 1559 1343 1616 videtur
1362 1601 1381 1630 ,
1418 1579 1580 1640 agros

201 1655 390 1694 eorum
437 1634 676 1694 militum
699 1678 724 1706 ‚
767 1634 864 1714 qui
897 1655 1018 1694 cum
1048 1637 1304 1698 Antonio
1337 1639 1583 1699 veterani

181 1711 429 1796 fierunt
453 1759 476 1787 ,
536 1715 626 1773 his
675 1716 892 1776 dandos
951 1716 1163 1796 censeas
1220 1718 1292 1776 ab
1342 1719 1582 1798 utrisque

194 1796 384 1856 nobis.
419 1797 518 1856 De
547 1796 781 1855 nummis
799 1839 821 1868 ‚
850 1796 1025 1871 lente‘,
1056 1819 1123 1856 ae
1150 1800 1362 1858 ratione
1386 1799 1583 1862 habita

167 1934 176 1939 .
187 1879 450 1959 pecunia
497 1899 514 1937 .·
556 1877 806 1956 senatum
843 1877 910 1937 de
953 1899 1019 1937 ea
1060 1901 1115 1939 re
1154 1879 1579 1961 constituturum.

198 1963 473 2039 Quattuor
490 1958 795 2039 legionibus
824 1960 897 2017 iis
915 2001 935 2032 ,
963 1961 1159 2041 quibus
1183 1982 1342 2043 agros
1358 1962 1575 2023 dandos

193 2039 486 2121 censuistis
507 2068 539 2113 ··,
598 2040 757 2115 video
782 2036 1109 2123 facultatem
1137 2020 1264 2121 fore
1309 2062 1379 2100 ex
1424 2046 1575 2124 agris

197 2122 471 2181 Sullanis
490 2164 511 2193 ‚
574 2118 630 2179 6·
676 2142 804 2202 agro
853 2122 1157 2202 Campano.
1200 2125 1286 2183 AE
1292 2125 1527 2200 qualiter
1560 2167 1584 2199 ,

197 2220 316 2261 aut
353 2201 504 2281 sorte
551 2221 712 2282 agros
766 2202 1069 2283 legionibus
1119 2202 1395 2283 assignari
1444 2222 1583 2284 puto

199 2301 469 2363 oportere.
507 2284 645 2341 Haec
681 2302 762 2341 me
805 2282 907 2341 tihi
931 2282 1160 2364 seribere
1196 2305 1306 2345 non
1332 2286 1581 2364 pruden-

171 2366 291 2425 .tia
327 2384 450 2423 mea
489 2362 778 2438 hortatur,
798 2362 906 2439 fed
932 2385 1085 2425 amor
1110 2366 1170 2425 in
1202 2381 1254 2425 te
1279 2406 1303 2435 ‚
1333 2364 1389 2424 6·
1422 2367 1585 2447 cupi-

199 2445 364 2503 ditas
412 2445 556 2516 otii,
595 2444 743 2522 quod
771 2445 892 2503 sine
920 2462 971 2503 te
1014 2447 1167 2505 consi
1207 2464 1289 2504 ere
1326 2467 1435 2504 non
1515 2468 1583 2505 o-

179 2526 322 2604 test.
356 2527 483 2606 Ego
505 2568 526 2597 ‚
559 2525 672 2583 nisi
702 2525 865 2584 valde
893 2524 1091 2603 neceffi
1108 2446 1280 2605 fierit
1298 2568 1318 2599 ‚
1351 2546 1419 2584 ex
1482 2545 1581 2587 ta-

209 2606 300 2667 lia
349 2628 459 2667 non
505 2606 786 2665 excedam.
839 2607 1103 2687 Legiones
1151 2626 1301 2666 armo
1325 2648 1348 2679 ‚
1386 2628 1529 2686 paro
1556 2628 1578 2669 ε

109 2690 140 2727 ¹·
191 2686 371 2767 spero.
405 2708 491 2747 me
531 2706 644 2745 nort
686 2686 980 2764 pessimum
1020 2688 1311 2747 exercitum
1351 2686 1585 2746 habitu-

201 2788 326 2827 rum
363 2770 442 2827 ad
479 2787 663 2827 omnes
704 2765 897 2845 casias,
931 2768 986 2827 6³
1026 2771 1257 2847 impetus
1293 2766 1582 2830 hominu’m.
1638 2784 1643 2793 ’

185 2851 304 2913 -De
331 2848 614 2923 exercitu,
645 2868 797 2929 quem
827 2847 1025 2931 Pansst
1057 2848 1251 2911 habuit
1270 2889 1290 2917 ‚
1323 2846 1575 2934 {egionem

1223 2923 1271 2988 B
1290 2926 1349 3007 ii,
