1998 3814
260 345 397 398 ,4ο
422 327 925 419 QtF'RAmEM
948 328 1280 400 Lus-,HL
1343 329 1490 427 381
1545 403 1552 411 ,

102 435 287 504 niusm
327 431 519 502 futura
546 443 697 502 inter
730 441 1078 503 Memmium
1099 488 1118 516 ‚
1151 443 1215 502 &
1245 441 1343 504 Ti.
1379 443 1504 506 Ne-
1555 492 1559 496 -

105 543 375 596 renem,
411 523 477 581 &
508 521 583 583 C.
622 522 685 581 ὃ(
719 517 787 582 1.
820 521 1114 584 Antonios
1135 567 1154 595 ‚
1190 523 1278 584 Μ.
1311 524 1500 586 filios:

111 605 481 685 putabamus
520 601 648 662 fore
698 647 717 676 ‚
782 620 847 662 ut
872 603 1174 664 'Memmio
1217 603 1444 664 daretur
1481 649 1504 678 ,

107 687 231 745 etsi
286 698 417 744 erat
463 680 713 743 Neronis
766 686 911 743 mira
957 685 1278 750 contentio·
1327 683 1498 763 Quid
1557 691 1564 696 '

112 763 373 846 quaeris?
412 763 601 841 probe
628 766 938 842 premitur,
968 767 1076 824 nisi
1105 763 1296 826 noster
1324 764 1503 828 Pom-

112 847 290 925 peius
315 889 337 917 ,
386 841 497 904 diis
520 843 981 924 ⁴hominibusque
1025 847 1219 906 invitis
1243 891 1262 919 ,
1305 864 1500 928 nego·

114 930 275 986 tium
322 927 625 984 everterit.
684 920 991 1006 Cognosce
1039 945 1192 984 nunc
1253 926 1502 986 hominis

118 1005 440 1066 audaciam
466 1043 493 1076 ‚
544 1003 610 1063 &
657 1003 874 1084 aliquid
916 1007 975 1064 in·
1023 1005 1329 1086 republica.
1359 1025 1504 1087 per·

118 1087 251 1147 dita
288 1081 599 1144 deleam-e.
619 1081 843 1160 'Quum
872 1083 1154 1145 Gabinius
1180 1130 1200 1160 ‚
1231 1107 1506 1166 quacum-

120 1185 243 1248 que
274 1163 556 1225 veniebat
578 1208 599 1237 ‚
624 1164 979 1245 triumphum
1007 1164 1063 1226 se
1097 1161 1380 1246 postulare
1413 1168 1504 1228 di-

120 1244 295 1306 xiffet
331 1290 353 1318 ‚
405 1241 707 1325 subithque
744 1245 932 1306 bonus
972 1247 1288 1326 imperator
1328 1245 1503 1308 noflu

120 1331 183 1386 in
234 1327 451 1386 urbem
479 1369 499 1398 ‚
536 1323 784 1384 hostium
827 1325 1033 1406 plane,
1067 1325 1352 1387 invasiss'et
1374 1331 1494 1401 sin

122 1408 399 1469 senatum
426 1403 629 1485 senon
660 1406 1076 1468 committebat.
1109 1405 1348 1468 Interim
1377 1409 1502 1489 ipso

123 1489 373 1550 decimo
402 1485 535 1560 die,
566 1507 685 1566 quo
716 1485 899 1566 ipsum
930 1487 1236 1568 oporteb'at
1256 1486 1504 1549 hostium

120 1587 451 1630 numerum
482 1565 544 1626 &
576 1566 823 1627 militum
850 1570 1176 1628 renuntiare
1195 1615 1212 1642 ‚
1242 1571 1505 1649 irrepsit,

122 1649 361 1711 summa
397 1645 796 1728 infrequentia.
838 1647 1048 1726 Quum
1090 1650 1272 1709 vellet
1306 1653 1462 1710 exire
1482 1695 1504 1725 ,

123 1755 161 1790 a
190 1727 537 1790 ‘consulibus
577 1743 834 1788 retentus
874 1727 955 1789 est
974 1750 993 1788 :
1037 1729 1340 1791 introduffi
1383 1753 1504 1812 pu-

124 1811 375 1871 blicani.
428 1805 935 1890 Hom0.undique
958 1853 963 1856 -
986 1809 1140 1870 aelus
1163 1855 1183 1884 ,
1242 1811 1420 1892 quum
1467 1833 1503 1872 a

123 1912 227 1953 me
273 1885 535 1950 maxime
576 1888 970 1951 vulneraretur
996 1936 1016 1963 .‚
1067 1912 1189 1951 non
1226 1893 1394 1965 tulit,
1436 1893 1504 1953 &

122 1994 227 2053 me
256 1966 538 2031 frementi
554 1980 705 2031 &oce
724 1968 979 2033 exsulem
998 1974 1330 2052 appellavit.
1354 1972 1470 2032 Hic
1485 2019 1507 2048 ‚

122 2050 185 2115 δ’
208 2054 300 2113 dii
325 2052 351 2111 -l
390 2050 533 2111 nihil
569 2072 667 2110 um
712 2072 843 2110 uam
880 2051 1353 2113 honorificentius
1392 2072 1506 2113 nc·-

121 2135 219 2195 bis
266 2130 518 2204 accidit}
562 2150 672 2191 con
700 2136 921 2198 unexit,
954 2132 1179 2193 senatus
1219 2153 1350 2190 cum
1389 2133 1508 2191 cla-

123 2232 309 2275 more
368 2212 445 2271 ad
496 2232 672 2271 unum
712 2255 732 2283 ,
786 2214 866 2271 sic
904 2232 967 2273 ut
1010 2213 1086 2272 ad
1125 2232 1334 2293 corpus
1382 2210 1508 2291 ejus

124 2294 482 2355 accederet:
516 2294 640 2371 pari
667 2292 915 2355 clamore
944 2310 1114 2374 atque
1144 2296 1364 2375 impetu
1402 2310 1510 2375 pt:-

130 2374 383 2435 blicani.
420 2368 589 2450 Quid
632 2373 883 2451 quaeris?
924 2394 1130 2434 omnes
1155 2419 1175 2448 ,
1216 2392 1510 2457 tamquam

127 2459 181 2517 si
230 2473 299 2515 tu
340 2450 485 2513 effes
522 2496 541 2523 ‚
588 2455 665 2513 ita
709 2452 956 2513 fuerunt.
1008 2452 1166 2514 Nihil
1205 2456 1510 2517 hominum

130 2536 417 2596 sermone
464 2530 603 2592 foris
642 2531 864 2593 clarius.
921 2532 1052 2616 Ego
1097 2552 1292 2596 tamen
1332 2554 1526 2597 teneo·

128 2618 213 2677 ab
254 2611 579 2675 accusando
599 2656 619 2685 ‚
648 2616 749 2672 vix
778 2614 1144 2684 mehercule:
1182 2615 1278 2676 sed
1317 2632 1513 2677 tamen
1539 2650 1544 2655 ·

128 2714 324 2758 teneo
348 2738 369 2767 ,
406 2694 503 2755 vel
538 2692 699 2773 qubd
733 2694 876 2755 nolo
916 2714 1050 2753 cum
1088 2694 1372 2777 Pompeio
1408 2718 1516 2775 pu-

130 2795 324 2860 gnare
355 2771 392 2853 ·(
423 2772 553 2834 satis
599 2771 680 2833 est
716 2774 873 2853 quod
910 2772 1074 2835 instat
1113 2775 1186 2836 de
1231 2776 1455 2835 Milone
1483 2773 1514 2856 )

129 2856 245 2920 vel
285 2853 453 2938 qubd
482 2851 701 2937 judices
743 2854 934 2921 nullos
982 2856 1322 2938 habemus}
1370 2855 1516 2920 εἶπέ·
1609 2896 1622 2909 -
