1998 3814
432 365 584 462 366
714 335 1478 435 Epzsrozanr'sn

423 479 773 542 medicinam
811 477 1143 560 reipublicae
1175 476 1298 536 sine
1340 495 1558 558 magno
1593 479 1848 556 praesi-.

426 563 527 622 dio
562 559 855 620 accedere.
896 559 1042 637 Quo
1078 558 1172 617 die
1209 557 1332 616 haec
1365 555 1597 636 scripsi,
1649 555 1826 617 Dru·

428 641 521 706 sus
556 659 679 702 erat
712 639 785 700 de
818 639 1294 719 praevaricatione
1321 658 1356 696 a
1393 639 1632 697 tribunis
1659 659 1825 696 zera-

428 724 495 782 rii
534 719 821 782 absolutus·
855 765 875 792 ‚
915 721 974 779 in
1009 718 1231 778 summa
1269 733 1512 799 quatuor
1561 716 1824 778 senten-

429 804 523 862 tiis
568 820 745 882 quum
798 798 1091 859 senatores
1155 801 1220 860 &
1267 799 1488 879 equites
1530 798 1822 858 damnas-

428 881 572 944 sent.
612 879 743 962 Ego
780 880 996 940 eodem
1037 879 1131 938 die
1176 876 1304 958 post
1339 879 1644 937 meridiem
1683 878 1824 938 Va-

430 965 637 1024 tinium
684 960 911 1020 aderam
955 956 1286 1019 defensurus
1320 977 1334 1015 =
1380 978 1450 1017 ea
1489 978 1582 1018 res
1621 957 1816 1020 facilis

434 1039 535 1105 est.
564 1039 822 1102 Comitia
852 1042 909 1099 in
940 1037 1198 1099 mensem
1231 1037 1557 1118 Septembr.
1590 1036 1816 1116 rejefla

434 1123 582 1184 sunt.
625 1121 818 1182 Scauri
867 1117 1144 1199 judicium
1183 1116 1372 1180 statim
1405 1120 1777 1178 exercebitur
1797 1139 1818 1178 t

436 1205 533 1262 cui
585 1223 693 1261 nos
738 1223 857 1261 non
910 1200 1220 1261 deerimus.
1273 1197 1569 1263 Συνδςίπνυς
1618 1211 1820 1273 Σοφο-

434 1281 598 1346 ιλίκσ
636 1326 657 1356 ,
746 1301 877 1340 uam
960 1283 1070 1340 am‘
1102 1301 1136 1339 a
1191 1295 1252 1338 te
1302 1276 1483 1337 aeiam
1529 1276 1818 1338 fabellam

434 1361 616 1423 video
657 1301 769 1421 elile
816 1361 872 1424 fe
924 1362 1018 1422 ive
1048 1405 1069 1435 ‚
1116 1359 1278 1421 nullo
1313 1357 1496 1418 modo
1539 1360 1818 1439 probavi.

436 1440 638 1502 Venio
664 1461 815 1501 nunc
852 1442 927 1502 ad
977 1441 1040 1502 id
1064 1487 1085 1516 ,
1133 1439 1294 1522 quod
1332 1438 1523 1500 nescio
1563 1459 1636 1515 an
1687 1443 1814 1519 pri-

438 1543 601 1585 mum
630 1520 741 1583 effe
780 1523 1061 1584 debuerit.
1099 1520 1162 1582 O
1203 1519 1476 1600 iucundas
1509 1519 1648 1579 mihi
1685 1539 1816 1581 tuas

442 1603 518 1664 de
580 1603 871 1664 Britannia
926 1603 1142 1663 litteras
1192 1601 1208 1659 Ξ
1265 1601 1543 1660 timebam
1597 1599 1816 1662 Ocea-

440 1703 619 1758 num,
654 1683 927 1744 timebam
960 1683 1117 1744 littus
1145 1680 1359 1740 insulae.
1399 1677 1650 1761 Reliqua
1691 1703 1818 1756 non

440 1764 713 1844 equidem
756 1783 1072 1826 contemno
1105 1806 1122 1836 ‚
1159 1760 1258 1820 sed
1297 1762 1426 1842 plus
1466 1761 1687 1823 habent
1725 1782 1816 1823 ta·

441 1865 579 1906 men
626 1843 747 1925 spei
802 1844 976 1926 quim
1024 1844 1246 1904 timoris
1281 1885 1300 1915 ,
1348 1841 1637 1924 magisque
1689 1831 1816 1903 {iim

438 1924 712 1987 sollicitus
762 1924 1184 2005 exspectatione
1225 1923 1298 1983 est
1330 1967 1350 1997 ,
1376 1962 1380 1967 -
1406 1923 1582 2004 quem
1633 1945 1822 1990 metu.

440 2004 536 2067 Te
584 2006 731 2068 vero
775 2009 1012 2067 deiero-a·
1052 2004 1335 2066 scribendi
1377 2008 1676 2087 egregiam
1715 2008 1817 2066 ha-

438 2086 584 2159 bere
627 2086 849 2150 video:
888 2106 1037 2167 quos
1077 2103 1141 2147 tu
1179 2088 1319 2146 situs
1347 2130 1368 2159 ,
1405 2104 1550 2167 quas
1589 2102 1818 2149 naturas

441 2188 660 2233 rerum,
688 2168 753 2229 &
791 2166 1059 2226 locorum
1091 2210 1111 2240 ‚
1154 2186 1305 2247 quos
1357 2185 1554 2227 mores
1593 2214 1616 2242 ‚
1673 2188 1816 2247 quas

440 2265 650 2333 gentes
675 2292 695 2322 ‚
736 2268 876 2328 quas
958 2268 1137 2328 ugnas
1161 2291 1181 2318 ‚
1227 2266 1404 2326 quem
1444 2248 1596 2307 verb
1631 2248 1814 2329 ipsum

440 2332 856 2411 imperatorem
912 2269 1091 2388 iiabes
1135 2324 1335 2409 ?·Ego
1390 2343 1450 2390 te
1507 2328 1758 2389 libenter
1791 2372 1814 2403 ,

448 2429 515 2479 ut
558 2430 765 2492 rogas,
808 2408 1014 2489 quibus
1055 2406 1224 2467 rebus
1261 2408 1353 2466 vis
1385 2452 1405 2481 ‚
1458 2406 1755 2487 adjuvabo
1793 2452 1814 2483 ,

446 2490 517 2551 &
563 2492 669 2557 tibi
720 2488 915 2551 versus
954 2534 973 2563 ,
1031 2508 1177 2569 quos
1226 2508 1396 2569 rogas
1433 2530 1454 2560 ,
1499 2493 1707 2561 γλαῦκ’
1753 2496 1816 2553 ἀς

449 2568 697 2644 Α’ὼίνις,
738 2572 982 2630 mittam.
1023 2568 1138 2630 Sed
1182 2566 1324 2628 heus
1371 2585 1468 2643 tu,
1508 2568 1680 2629 celari
1715 2571 1812 2627 vi·-

452 2652 596 2711 deor
649 2672 683 2710 a
724 2668 811 2712 te.
866 2648 1338 2728 Quomodonam
1369 2693 1389 2723 ‚
1446 2650 1530 2707 mi
1583 2646 1760 2707 frater
1793 2691 1814 2719 ,

448 2732 526 2794 de
564 2728 766 2793 nostris
804 2732 1068 2792 versibus
1113 2727 1350 2797 Caesar?
1387 2748 1526 2789 nam
1563 2730 1813 2809 primum

446 2813 656 2875 librum
712 2810 768 2873 se
829 2809 1024 2893 legisse
1077 2808 1296 2889 scripsit
1342 2810 1418 2869 ad
1474 2829 1570 2869 me
1627 2811 1812 2869 ante:

448 2892 516 2957 ἃ
549 2895 737 2980 prima
769 2893 850 2959 sic
878 2937 900 2971 ,
940 2908 1006 2957 ut
1041 2907 1220 2975 neget
1255 2888 1317 2957 se·
1352 2910 1427 2955 ne
1460 2889 1667 2953 (ἔτεσι
1697 2890 1819 2977 qui·
