1998 3814
484 358 592 452 24
691 356 701 365 ”
800 360 1557 431 ΕΡιετοιΑιιυΜ

479 492 766 559 tempore,
819 475 1065 559 epistola
1122 476 1346 538 reddita
1410 481 1485 539 sit
1522 499 1541 553 ;
1598 483 1837 543 utrum
1890 494 1935 561 ξ

411 584 416 589 ·
485 578 666 639 quum
709 555 1103 619 sollicitudinis
1141 556 1360 639 aliquid
1400 552 1639 621 haberes
1660 577 1703 633 3·
1745 584 1849 623 an
1892 611 1919 639 ,

479 644 660 719 quum
694 636 766 698 ab
801 640 964 699 om’ni
997 637 1261 699 molestia
1292 660 1507 700 vacuus
1539 640 1715 702 esses·
1751 643 1919 705 lfa-

479 738 592 800 que
637 720 693 779 ei
748 720 1033 801 praecepi3
1086 738 1263 800 quem
1319 721 1393 781 ad
1436 740 1495 783 te
1539 726 1669 783 misi
1720 767 1742 795 ‚
1822 744 1913 787 ut

480 816 710 880 tempus
763 800 1095 861 observaret
1141 798 1395 880 epistolae
1436 802 1544 861 tibi
1584 802 1918 864 redden-

479 881 594 941 dae.
635 880 790 941 Nam
825 880 1323 962 quemadmodum
1360 880 1594 957 coram,
1630 887 1746 964 qui
1779 888 1907 949 ·ad

479 983 590 1025 nos
649 960 1049 1043 intempestive
1105 962 1318 1022 adeunt
1358 1006 1377 1035 ‚
1420 960 1655 1023 molesti
1702 965 1900 1045 saepe

475 1042 608 1105 sunt
647 1064 666 1115 ;
725 1046 822 1115 sic⁶
859 1042 1113 1123 epistolae
1163 1040 1469 1119 offendunt
1523 1065 1643 1103 non
1716 1046 1899 1108 loco

367 1180 372 1185 .
476 1123 738 1183 redditae.
777 1122 840 1185 Si
878 1128 1073 1184 autern
1115 1166 1135 1197 ,
1188 1140 1253 1183 ut
1306 1121 1475 1204 spero
1515 1170 1535 1198 ‚
1591 1123 1747 1185 nihil
1806 1144 1893 1189 te

481 1204 788 1286 perturbat·
819 1248 838 1277 ,
897 1204 1040 1264 nihil
1093 1203 1337 1284 impedit
1376 1224 1396 1276 ;
1452 1204 1516 1265 &
1564 1204 1663 1265 ille
1686 1250 1710 1278 ‚
1762 1213 1889 1271 cui

479 1285 794 1356 mandavi,
825 1282 951 1345 satis
993 1284 1127 1344 scite
1168 1287 1231 1345 &
1256 1284 1570 1345 commode
1607 1302 1883 1367 tempus

479 1366 554 1426 ad
588 1382 645 1426 te
686 1368 842 1445 cepit
883 1365 1176 1439 adeundi3
1218 1363 1455 1425 confido
1494 1385 1589 1425 me
1613 1411 1632 1440 ,
1678 1370 1877 1448 quod

473 1448 656 1509 velim
685 1492 705 1520 ‚
744 1446 910 1505 facile
947 1468 982 1506 a
1017 1465 1075 1507 te
1113 1448 1568 1527 impetraturum.
1614 1446 1684 1507 L.
1726 1446 1879 1508 La·-

475 1531 595 1589 mia
640 1544 946 1607 praeturam
989 1528 1171 1607 petit:
1223 1527 1337 1586 hoc
1375 1546 1490 1610 ego
1542 1544 1685 1599 utor,
1726 1550 1875 1597 uno,

473 1611 743 1671 omnium
780 1608 1115 1689 plurimum.
1147 1607 1366 1689 Magna
1395 1606 1679 1683 vetustaS,
1718 1630 1873 1671 ma·

475 1711 591 1774 gna
626 1689 984 1749 consuetudo
1017 1690 1367 1764 intercedit}
1390 1689 1667 1771 quodque
1698 1690 1867 1769 plu-

475 1774 688 1833 timum
729 1770 888 1829 valet
905 1813 925 1844 ‚
964 1770 1105 1831 nihil
1136 1771 1276 1829 mihi
1306 1766 1431 1849 ejus
1466 1769 1549 1830 est
1590 1768 1865 1831 familia-

476 1855 644 1914 ritate
684 1849 1007 1942 jucundiuS.
1066 1850 1289 1934 Magno
1335 1866 1613 1934 praeterea
1655 1850 1863 1916 beneq

473 1933 612 1996 {icio
633 1954 770 2013 -ejus
795 1979 815 2007 ,
853 1953 1186 2014 magnoque
1212 1935 1421 1993 merito
1456 1931 1579 1992 sum
1612 1931 1858 2016 obliga-

468 2033 564 2076 ‘tus
595 2036 608 2073 :
668 2035 804 2073 nam
847 2011 1150 2074 Clodianis
1204 2012 1567 2094 temporibus
1593 2057 1612 2087 ,
1645 2013 1854 2094 'quum

469 2093 748 2178 equestris
792 2094 1010 2155 ordinis
1049 2097 1315 2175 princeps
1360 2092 1499 2154 effet
1530 2139 1549 2168 ,
1610 2114 1717 2174 pro
1802 2117 1851 2160 e

466 2197 608 2239 mea
639 2176 826 2237 salute·
852 2178 1129 2236 acerrime
1166 2196 1355 2257 propu
1438 2189 1563 2235 aret
1584 2217 1605 2247 ,
1648 2195 1683 2234 a
1778 2199 1853 2236 a-

463 2259 638 2319 ·binio
683 2257 917 2318 consule
971 2257 1255 2338 relegatus
1301 2275 1335 2316 e
1414 2276 1435 2328 3
1496 2253 1658 2336 quod
1698 2273 1845 2321 ante

472 2340 535 2400 id
571 2357 800 2419 tempus
839 2340 954 2396 civi
992 2336 1266 2397 Romano
1316 2338 1558 2418 contigit
1596 2338 1841 2401 nemini.

472 2420 611 2481 Hoc
645 2439 826 2500 quum
863 2419 1122 2500 populus
1152 2417 1475 2478 Romanus-
1519 2415 1781 2478 meminit
1810 2465 1837 2496 ,

471 2497 569 2562 ine
631 2499 815 2580 ipsum
881 2519 1005 2559 non
1064 2495 1381 2558 meminisse
1412 2499 1829 2578 'turpissimum

469 2581 568 2644 est.
604 2580 985 2662 Quapropter
1022 2577 1296 2660 persuade
1330 2578 1434 2638 tibi
1456 2623 1475 2652 ,
1514 2581 1597 2637 mi
1622 2577 1829 2654 Brute,

461 2683 566 2726 me
606 2679 808 2743 petere
849 2678 1173 2741 praeturam.
1243 2660 1625 2738 Quamquam
1670 2662 1825 2720 enim

468 2744 670 2806 Lamia
709 2743 933 2803 summo
972 2739 1286 2820 splendore
1317 2785 1337 2813 ‚
1400 2738 1621 2798 summa
1744 2741 1827 2802 tia⁴

357 2893 364 2902 ,
467 2824 551 2884 est
574 2871 594 2898 ‚
631 2819 1206 2907 magnificentissimo
1256 2839 1497 2881 munere
1545 2819 1649 2879 aedi
1674 2822 1819 2895 itio;

462 2901 668 2968 tamen
699 2951 722 2984 ,
759 2899 966 2987 quasi'
997 2920 1071 2965 ea
1120 2904 1199 2964 ita
1222 2940 1232 2958 ι
1258 2917 1385 2964 non
1438 2898 1661 2969 esseut,
1707 2919 1817 2982 ego

454 3039 462 3048 .
1612 2977 1819 3064 suscepi
