1998 3814
353 345 476 398 AD
509 329 594 420 Q.
623 324 1023 396 Fanum
1053 327 1228 397 Lm.
1252 325 1312 396 Ῑ.
1374 343 1521 416 29¹

167 439 228 502 id
251 459 450 502 autem
481 443 556 500 sit
589 459 652 500 m
726 461 869 500 num
911 443 974 502 &
1012 439 1249 502 difficile
1283 443 1533 514 ceteris,

163 523 304 582 sicut
357 520 444 582 est
496 519 694 581 diffieil
739 542 951 582 mmnz
1004 525 1111 582 tibi
1163 520 1225 580 &
1265 518 1375 580 fuit
1418 521 1533 582 hoe

160 599 382 682 semper
422 601 762 664 facillimum
785 635 810 676 ‚-
849 602 916 662 ὅ(
953 604 1103 664 verb
1142 597 1255 660 effe
1292 601 1533 674 debuit3

161 680 315 760 cujus
377 699 586 742 natura
649 681 776 744 talis
833 681 922 742 est
964 727 986 756 ‚
1044 700 1111 744 ut
1168 683 1345 742 etiam
1408 683 1534 746 sine

159 761 412 824 doarina
449 763 724 824 videatur
759 763 1063 824 moderata
1100 759 1213 824 effe
1250 761 1539 842 potuiffe3

160 862 228 902 ea
267 862 472 904 autem
517 842 772 904 adhibita
809 843 1069 904 doeirina
1106 840 1191 904 est
1212 885 1235 914 ,
1274 863 1406 924 quae
1434 846 1537 906 vel

156 925 594 984 vitiosissimam
665 939 928 984 naturam
997 923 1264 984 attollere
1332 929 1537 1004 possit.

159 1001 252 1064 Tu
275 1023 464 1086 quum
486 1007 748 1084 pecuniae
769 1049 788 1078 ,
809 1024 987 1084 quum
1012 1003 1333 1084 voluptati,
1394 1022 1535 1064 uum

156 1089 420 1145 omnium
447 1104 644 1146 rerum
663 1085 964 1164 cupiditati
989 1083 1211 1146 resistes
1227 1126 1248 1156 ‚
1274 1101 1339 1144 nt
1386 1087 1535 1159 acis3

160 1168 262 1226 erit
289 1210 310 1240 ‚
371 1164 556 1226 credo
577 1209 602 1238 ‚
649 1166 972 1246 periculum
998 1210 1020 1239 ,
1078 1185 1151 1226 ne
1198 1165 1535 1244 improbum

161 1248 590 1328 negotiatorem
624 1287 646 1318 ‚
711 1247 889 1326 paule
931 1246 1295 1327 cupidiorem
1329 1247 1535 1328 publi-

160 1346 362 1388 canum
429 1329 822 1406 comprimere
865 1347 1013 1387 xnon
1094 1328 1301 1406 possis.
1374 1325 1527 1387 Nam

163 1404 354 1472 Graeci
393 1407 640 1488 quidem
671 1409 752 1466 sic
787 1424 846 1468 te
889 1407 971 1466 ita
1008 1409 1311 1470 viventem
1348 1408 1537 1470 intue-

161 1487 366 1549 buntur
393 1533 416 1561 ‚
457 1505 524 1548 ut
565 1487 879 1568 quemdam
931 1507 1007 1548 ex
1056 1489 1347 1547 annalium
1394 1509 1551 1549 me«

166 1571 378 1642 moria,
405 1584 506 1628 aut
540 1571 716 1628 etiam
747 1568 822 1628 de
857 1568 1017 1628 coelo
1054 1567 1317 1629 divinum
1347 1567 1535 1630 homi-

165 1667 293 1708 nem
333 1647 446 1710 effe
471 1651 534 1708 in
574 1650 935 1728 provinciam
969 1648 1267 1728 delapsum
1306 1665 1550 1730 putent.·

173 1785 180 1788 .
239 1749 300 1806 7.
341 1731 540 1808 Atque
577 1729 700 1788 haec
731 1749 886 1789 nunc
919 1735 1049 1789 'non
1076 1746 1139 1788 ut
1168 1727 1341 1788 facias
1371 1773 1390 1802 ,
1429 1727 1551 1792 sed-

167 1826 228 1867 ut
267 1828 326 1870 te
363 1809 560 1873 facere
581 1855 600 1884 ‚
647 1809 716 1868 &
751 1808 946 1869 fecifl'e
994 1809 1245 1890 gaudeas
1269 1855 1290 1884 ‚
1323 1809 1526 1871 scribo.

165 1885 500 1951 Praeclarum
533 1887 618 1951 est
650 1891 806 1951 enim
833 1936 852 1963 ‚
889 1889 1117 1951 summo
1160 1910 1293 1951 cum
1335 1893 1529 1971 impe·-

170 1971 249 2029 rio
299 1970 461 2033 fuisse
498 1972 562 2030 in
606 1969 749 2031 Asia
785 1972 1099 2031 triennium
1120 2016 1141 2044 ,
1182 1974 1263 2031 sic
1298 1990 1362 2031 ut
1397 1972 1553 2033 τιυὶ--

171 2050 280 2111 lum
333 2068 394 2115 te
439 2053 668 2133 signum
708 2094 730 2125 ‚
777 2052 934 2113 nulla
993 2052 1214 2132 pietura
1240 2094 1259 2125 ‚
1304 2053 1529 2115 nullum

170 2151 264 2191 vas
301 2178 322 2207 ‚
375 2132 538 2193 nulla
583 2128 758 2193 vestis
793 2174 813 2205 ,
855 2131 1079 2193 nullutn
1120 2133 1473 2211 mancipium
1504 2178 1526 2208 ‚

171 2212 320 2271 nulla
361 2210 554 2275 forma
599 2210 932 2293 cujusquam
977 2256 999 2287 ‚
1054 2212 1213 2272 nulla
1268 2214 1529 2275 conditio

171 2296 424 2369 pecuniae
465 2292 493 2373 (
521 2292 726 2373 quibus
757 2296 929 2353 rebus
965 2293 1219 2353 abundat
1249 2290 1349 2353 ista
1386 2316 1527 2375 pro-

173 2375 354 2434 vincia
391 2378 421 2447 )
460 2373 532 2432 ab
577 2372 798 2433 summa
848 2374 1175 2455 integritate
1218 2378 1558 2437 confinem·

175 2453 358 2535 tiaque
424 2453 748 2515 deduxerit.
810 2453 979 2533 Quid
1037 2472 1234 2515 autem
1290 2461 1527 2537 reperiri

175 2547 290 2591 tam
321 2536 598 2595 eximium
619 2579 640 2607 ‚
683 2550 781 2593 aut
815 2548 936 2594 tam
975 2534 1373 2615 expetendum
1418 2558 1530 2618 po—

175 2611 276 2672 test
300 2658 322 2689 ‚
361 2614 538 2695 quhm
575 2612 740 2674 istam
777 2616 1049 2675 virtutem
1084 2659 1105 2690 ‚
1163 2616 1529 2677 moderatio·

177 2712 304 2753 nem
351 2697 526 2755 animi
557 2740 578 2767 ‚
623 2697 1069 2773 temperantiam
1107 2739 1126 2767 ,
1170 2712 1294 2755 non
1346 2697 1529 2757 latere

173 2773 228 2833 in
264 2775 512 2837 tenebris
530 2820 554 2855 ‚
579 2794 778 2855 ⁴neque
817 2774 932 2835 ess'e
971 2776 1277 2849 abditam3
1326 2775 1425 2837 sed
1463 2778 1526 2838 in
1606 2782 1611 2785 ’

175 2852 296 2917 luce
338 2858 490 2919 Asiae
524 2900 546 2932 ,
603 2858 664 2918 in
700 2856 884 2919 oculis
923 2856 1526 2995 clarissiigitaeprovin-

1242 2956 1281 3015 ¹1
