1998 3814
470 338 628 433 ‘316
772 336 1526 409 'Eiram-omnum

471 448 729 525 Zeuxide
746 496 765 523 ‚
791 472 970 533 quem
1002 452 1198 514 scribis
1231 454 1612 515 certissimum
1641 450 1860 515 matria

472 532 664 593 eidam
696 532 802 593 tibi
832 555 867 593 a
892 552 987 599 me
1023 535 1228 595 intime
1262 534 1664 595 commendari
1683 554 1702 591 z
1736 556 1859 615 qua

473 612 551 674 de
592 632 691 687 re,
731 614 794 673 &
834 613 909 677 de
949 614 1064 675 hoc
1115 634 1328 697 genere
1369 630 1540 689 toto,
1569 632 1648 676 ne
1697 613 1859 677 forte

471 712 569 760 me
622 696 681 753 in
726 690 967 758 Graecos
1028 709 1152 755 tam
1209 694 1573 759 ambitiosum
1627 694 1857 773 factum

468 771 587 835 ess'e
630 776 878 848 mirere,
914 796 1102 855 pauca
1145 774 1446 871 cognosce.
1488 772 1540 835 E
1579 797 1619 837 ο
1665 797 1857 857 quum

472 852 820 915 Graecorum
866 856 1130 938 querelas
1175 859 1420 917 minium
1465 878 1540 915 va
1562 874 1666 917 ere
1713 856 1856 917 sen-

470 938 641 997 tirem
661 980 682 1006 ,
714 952 955 1017 propter
991 937 1296 997 hominum
1341 938 1576 1017 ingenia
1611 936 1694 997 ad
1734 937 1854 1003 fal-‚

470 1016 713 1091 lendum
752 1035 985 1097 parata3
1020 1016 1414 1099 quoscumque
1459 1016 1536 1079 de
1558 1035 1636 1079 -te
1683 1020 1854 1098 queri

359 1114 365 1119 ·
470 1098 669 1159 audivi
685 1142 705 1171 ,
738 1119 980 1179 quacum
1136 1115 1302 1193 potm
1337 1100 1562 1159 ratione
1595 1096 1854 1193 piacavis

472 1174 733 1239 Primum
768 1178 979 1259 Diony
998 1180 1255 1260 opolrtas
1274 1223 1294 1252 ‚
1323 1182 1420 1258 qui
1446 1196 1616 1239 erant
1645 1181 1856 1239 mimi-

469 1260 685 1329 tissimi
706 1302 727 1333 ,
762 1260 943 1321 lenivi
982 1278 1006 1331 ;
1051 1280 1301 1339 quorum
1335 1260 1664 1339 principem
1697 1258 1857 1319 Her-

468 1341 744 1419 mippum
792 1359 913 1399 non
962 1338 1148 1401 solum
1193 1338 1458 1400 sermone
1500 1360 1640 1407 meo
1677 1382 1700 1411 ,
1753 1338 1854 1400 sed

474 1416 667 1481 etiam'
686 1418 1068 1482 familiaritate
1101 1420 1359 1481 devinxi.
1391 1418 1519 1502 Ego
1549 1420 1858 1500 Apamen-

475 1500 600 1563 sem
640 1500 1053 1583 Hephaestum,
1083 1520 1198 1584 ego
1243 1500 1602 1563 levissimum
1647 1500 1852 1561 homi-

478 1600 621 1643 nem
642 1580 1012 1664 Megaristum
1031 1581 1418 1649 Antandrium
1437 1627 1458 1656 ‚
1476 1602 1594 1664 ego
1617 1579 1852 1643 Niciam

478 1662 883 1742 Smyrnaeum,
923 1683 958 1724 e
1001 1684 1039 1723 o
1101 1680 1284 1745 nugas
1345 1665 1620 1731 maximas
1685 1664 1852 1741 omni

476 1744 617 1805 mea
644 1748 929 1811 comitate,
1011 1765 1072 1803 m
1105 1742 1480 1824 complexus,
1498 1742 1558 1803 N
1558 1744 1854 1822 ymphon·

367 1864 373 1869 -
478 1841 605 1885 tem
630 1827 803 1893 etiarn
828 1824 1306 1904 Colophonium3
1327 1844 1454 1905 quae
1479 1822 1594 1884 feci
1619 1826 1850 1896 omnia,

479 1926 607 1967 non
659 1907 779 1987 quo
835 1927 933 1970 me
988 1924 1087 1968 aut
1137 1906 1178 1966 ii
1231 1905 1496 1966 homines
1519 1949 1538 1981 ,
1579 1922 1678 1966 aut
1727 1921 1852 1966 tota

478 1989 643 2054 natio
690 1985 997 2048 deleciaret
1036 2007 1052 2046 z
1097 1984 1403 2066 pertaesum
1437 1983 1520 2048 est
1559 1987 1850 2059 levitatis,

478 2067 868 2138 affentationis
886 2113 907 2142 ,
945 2068 1272 2128 animorum
1312 2088 1432 2127 non
1472 2064 1680 2128 officiis
1701 2110 1721 2139 ‚
1753 2065 1849 2127 sed

480 2150 847 2230 temporibus
887 2148 1280 2216 servientium
1318 2147 1436 2208 Sed
1477 2165 1540 2208 ut
1578 2147 1655 2207 ad
1691 2145 1849 2208 Zeu·-

482 2232 605 2290 xim
650 2247 903 2290 revertar
942 2249 964 2302 ς
1049 2249 1190 2290 uum
1238 2231 1285 2290 is
1339 2228 1414 2288 de
1463 2227 1552 2288 M.
1589 2224 1850 2289 Cascellii

482 2309 749 2370 sermone
786 2311 979 2372 secum
1011 2310 1249 2382 habito,
1271 2329 1400 2389 quae
1431 2326 1491 2370 tu
1525 2307 1758 2382 scribis,
1781 2328 1847 2378 ea

484 2389 605 2470 ipsa
651 2391 1024 2471 loqueretur,
1056 2387 1248 2451 obstiti
1296 2385 1422 2466 ejus
1468 2389 1760 2460 sermoni,
1787 2389 1848 2448 &

471 2470 787 2540 ‚hominem
838 2473 899 2532 in
950 2469 1394 2534 familiaritatem
1446 2471 1665 2551 recepi.
1724 2467 1845 2528 Tua

484 2569 682 2622 autem
724 2571 853 2631 quae
895 2550 1068 2612 fuerit
1107 2551 1389 2630 cupiditas
1425 2566 1586 2610 tanta
1624 2548 1848 2622 nesci0‚

530 2632 653 2704 uod
684 2631 879 2692 scribis
910 2629 1143 2710 cupiiffe
1175 2633 1561 2711 te‚quoniam
1584 2629 1844 2709 Smyrnae

483 2655 613 2776 guo
640 2712 873 2792 Mysios
910 2710 1158 2772 insuisses
1194 2713 1252 2771 in
1286 2711 1550 2786 culeum,
1577 2711 1761 2772 simile
1787 2710 1844 2768 in

486 2793 779 2874 superiore
835 2811 999 2874 parte
1049 2793 1366 2874 provinciae
1415 2792 1592 2854 edere
1643 2811 1842 2852 exem-
1948 2869 1950 2876 Ι

484 2875 651 2956 plum
693 2873 1008 2944 severitatis
1051 2891 1206 2950 tuae5
1241 2872 1306 2941 &
1323 2872 1563 2944 ,idcirco
1609 2871 1842 2961 Zeuxim
