1998 3814
463 338 570 415 54
683 316 686 320 ’
773 317 1529 389 ΕΡιετοιΛκυΜ

460 431 550 493 sar
571 476 589 507 ‚
637 446 882 514 uterque
944 456 1079 497 cum
1137 434 1331 495 firmo.
1356 436 1612 496 exercitu
1648 452 1671 507 ;
1720 452 1877 497 ma·-

461 512 715 654 fnasque
759 514 968 575 Romae
1026 516 1202 579 Pansa
1242 519 1439 596 copias
1488 538 1561 577 ex
1608 515 1873 578 delcetu

494 595 642 655 taliae
695 614 1013 676 comparat.
1066 598 1271 659 Hiems
1310 598 1501 657 adhuc
1550 616 1684 656 rem
1724 599 1865 677 geri

446 675 852 757 prohibuerat.
907 679 1129 739 Hirtius
1188 679 1328 738 nihil
1380 680 1489 737 nisi
1553 678 1863 737 conside-

463 757 587 815 rate
615 802 632 830 ‚
685 776 748 817 ut
789 755 930 818 mihi
981 761 1198 819 crebris
1247 761 1448 819 litteris
1494 756 1801 839 significat
1840 804 1865 832 ‚

465 836 1049 900 aelurus-videbatur.
1083 840 1293 901 Praeter
1328 839 1698 911 Bononiam,
1728 838 1867 903 Re·-

466 920 628 1000 gium
650 918 889 1001 Lepidi,
923 920 1219 993 Parmam,
1250 938 1437 981 totam
1470 918 1731 979 Galliam
1765 938 1865 979 te-

463 1000 746 1060 nebamus
783 998 1253 1061 studiosissimam
1287 1000 1636 1081 reipublicae.
1674 998 1859 1060 Tuos

467 1084 646 1141 etiam
682 1082 918 1143 clientes
953 1081 1397 1161 Transpadanos
1424 1079 1667 1141 mirifice
1700 1101 1860 1141 con·
1929 1107 1930 1147 ἦ

463 1159 690 1242 jun&os
737 1184 870 1221 cum
919 1163 1086 1223 causa
1127 1164 1499 1223 habebamus.
1554 1160 1695 1221 Erat
1742 1161 1857 1221 fir·

466 1245 758 1302 missimus
798 1243 1023 1304 senatus
1054 1290 1073 1319 ,
1112 1247 1372 1323 exceptis
1415 1241 1845 1303 consularibus:

467 1342 544 1383 ex
581 1324 784 1403 quibus
826 1348 971 1386 unus
1013 1326 1080 1385 L.
1124 1324 1315 1385 Caesar
1352 1322 1549 1383 firmus
1591 1322 1678 1383 est
1710 1368 1729 1395 ‚
1784 1322 1853 1383 &
1931 1374 1932 1383 ,

467 1403 675 1465 ιεᾶυε.
718 1404 840 1465 Ser.
880 1405 1121 1487 Sulpicii
1156 1424 1347 1465 morte
1377 1424 1652 1485 magnum
1694 1424 1852 1483 prae·

467 1484 679 1545 sidium
722 1489 1036 1548 amisimuS.
1075 1486 1303 1567 Reliqui
1344 1489 1553 1565 partim
1580 1488 1803 1545 inertes
1827 1531 1848 1560 ‚

470 1570 683 1647 partim
717 1568 1007 1648 improbi:
1044 1570 1307 1628 nonnulli
1334 1566 1601 1627 invident
1628 1586 1846 1627 eorum
1933 1631 1934 1649 χ

470 1648 628 1707 laudi
651 1696 669 1723 ‚
717 1669 862 1727 quos
901 1652 960 1709 in
1008 1650 1305 1729 republica
1340 1648 1574 1728 probari
1614 1648 1846 1708 vident.

468 1727 682 1808 Populi
742 1730 886 1789 verb
943 1728 1201 1791 Romani
1240 1775 1259 1803 ,
1328 1729 1507 1789 totius
1538 1747 1615 1788 ue
1662 1726 1843 1788 Italiae

368 1882 372 1887 ¹
469 1812 614 1868 mira
658 1808 961 1871 consensio
1002 1809 1100 1871 est.
1140 1804 1281 1870 Haec
1314 1828 1477 1871 erant
1530 1809 1627 1869 ere
1652 1854 1675 1882 ,
1710 1830 1843 1890 quae

468 1890 576 1951 tibi
613 1907 752 1952 nota
789 1890 901 1953 effe
944 1893 1182 1954 vellem.
1226 1890 1397 1952 Nunc
1434 1907 1629 1952 autem
1658 1907 1843 1971 opto,

469 1987 537 2030 ut
579 1973 652 2031 ab
699 1971 812 2034 istis
851 1971 1115 2037 Orientis
1156 1974 1408 2056 partibus
1454 1974 1683 2036 virtutis
1724 1991 1843 2034 tuae

467 2053 668 2114 lumen
709 2054 950 2117 eluceat.
998 2055 1171 2122 Vale.

551 2183 643 2246 M.
701 2183 780 2246 T.
841 2183 916 2247 C.
974 2183 1049 2246 C.
1102 2182 1401 2246 CAssxo
1454 2182 1516 2246 S.
1561 2179 1625 2245 P.
1673 2182 1758 2246 D.

473 2315 847 2370 STRABONEa'i
883 2317 1069 2386 obliqui
1105 2319 1395 2370 commendat
1426 2335 1441 2368 :
1489 2318 1540 2369 in
1582 2318 1739 2370 Cassio
1788 2319 1835 2369 ἃ

548 2390 629 2440 Μ.
669 2391 825 2442 Βὶηεο
849 2425 864 2450 ,
900 2392 943 2441 si
978 2409 1051 2441 res
1087 2394 1151 2440 ad
1187 2391 1427 2452 Mutinam
1460 2391 1585 2442 mal&
1613 2406 1831 2459 geratur,

538 2459 671 2586 Jc'pem
711 2482 890 2516 omnem
928 2466 1050 2534 reip.
1090 2465 1230 2516 sitam
1270 2463 1357 2536 effe
1398 2466 1545 2518 dicit.
1584 2468 1727 2518 Anno
1763 2465 1830 2517 U.

589 2572 604 2588 .
646 2555 758 2603 710.

566 2637 696 2712 Ω

472 2708 534 2768 6.
571 2713 690 2788 ψ
717 2728 805 2772 111
847 2707 1019 2773 status
1053 2727 1245 2770 rerum
1272 2707 1445 2770 fuerit
1466 2725 1592 2768 tum
1611 2753 1629 2783 ‚
1656 2729 1829 2790 quum

473 2790 577 2848 has
617 2789 829 2870 lit'teras
869 2791 1046 2864 dedi,
1084 2790 1223 2850 scire
1262 2793 1481 2870 poteris
1514 2809 1586 2850 ex
1620 2787 1690 2850 C.
1724 2789 1829 2850 Ti-

478 2867 578 2930 dio
629 2873 909 2938 Strabone
934 2917 954 2950 ,
994 2873 1126 2939 viro
1173 2871 1336 2934 bono
1378 2871 1444 2936 &
1491 2870 1709 2954 optime
1754 2871 1827 2942 de
