<?xml version="1.0" encoding="UTF-8"?>
<!DOCTYPE html PUBLIC "-//W3C//DTD XHTML 1.0 Transitional//EN"
    "http://www.w3.org/TR/xhtml1/DTD/xhtml1-transitional.dtd">
<html xmlns="http://www.w3.org/1999/xhtml" xml:lang="en" lang="en">
 <head>
  <title>
</title>
<meta http-equiv="Content-Type" content="text/html;charset=utf-8" />
  <meta name='ocr-system' content='tesseract 3.04.00' />
  <meta name='ocr-capabilities' content='ocr_page ocr_carea ocr_par ocr_line ocrx_word'/>
</head>
<body>
  <div class='ocr_page' id='page_1' title='image "./mtulliiciceroni03ernegoog_0057.png"; bbox 0 0 1998 3814; ppageno 0'>
   <div class='ocr_carea' id='block_1_1' title="bbox 315 331 1505 426">
    <p class='ocr_par' dir='ltr' id='par_1_1' title="bbox 315 331 1505 426">
     <span class='ocr_line' id='line_1_1' title="bbox 315 331 1505 426; baseline 0 -24"><span class='ocrx_word' id='word_1_1' title='bbox 315 336 456 402; x_wconf 87' lang='lat' dir='ltr'>AD</span> <span class='ocrx_word' id='word_1_2' title='bbox 481 335 946 413; x_wconf 58' lang='lat' dir='ltr'>mmmm.</span> <span class='ocrx_word' id='word_1_3' title='bbox 977 331 1173 403; x_wconf 64' lang='lat' dir='ltr'>Lnu</span> <span class='ocrx_word' id='word_1_4' title='bbox 1197 333 1337 404; x_wconf 86' lang='lat' dir='ltr'>XI.</span> <span class='ocrx_word' id='word_1_5' title='bbox 1394 353 1505 426; x_wconf 68' lang='lat'>41</span> 
     </span>
    </p>
   </div>
   <div class='ocr_carea' id='block_1_2' title="bbox 124 444 1515 2969">
    <p class='ocr_par' dir='ltr' id='par_1_2' title="bbox 124 444 1515 2969">
     <span class='ocr_line' id='line_1_2' title="bbox 125 444 1506 530; baseline -0.001 -21"><span class='ocrx_word' id='word_1_6' title='bbox 125 451 314 510; x_wconf 81' lang='lat' dir='ltr'>omnia</span> <span class='ocrx_word' id='word_1_7' title='bbox 335 451 396 508; x_wconf 83' lang='lat' dir='ltr'>in</span> <span class='ocrx_word' id='word_1_8' title='bbox 420 447 617 509; x_wconf 82' lang='lat' dir='ltr'>vobis.</span> <span class='ocrx_word' id='word_1_9' title='bbox 647 444 1038 530; x_wconf 83' lang='lat' dir='ltr'><strong>Quamquam</strong></span> <span class='ocrx_word' id='word_1_10' title='bbox 1060 449 1311 528; x_wconf 67' lang='lat' dir='ltr'>primum</span> <span class='ocrx_word' id='word_1_11' title='bbox 1336 449 1506 530; x_wconf 88' lang='lat' dir='ltr'>quid-</span> 
     </span>
     <span class='ocr_line' id='line_1_3' title="bbox 129 527 1501 609; baseline 0.002 -20"><span class='ocrx_word' id='word_1_12' title='bbox 129 551 236 609; x_wconf 84' lang='lat' dir='ltr'>que</span> <span class='ocrx_word' id='word_1_13' title='bbox 267 531 649 609; x_wconf 68' lang='lat' dir='ltr'>explicemus».</span> <span class='ocrx_word' id='word_1_14' title='bbox 697 528 898 604; x_wconf 85' lang='lat' dir='ltr'>Nam,</span> <span class='ocrx_word' id='word_1_15' title='bbox 937 547 1002 590; x_wconf 90' lang='lat' dir='ltr'>ut</span> <span class='ocrx_word' id='word_1_16' title='bbox 1042 527 1227 590; x_wconf 82' lang='lat' dir='ltr'>adhuc</span> <span class='ocrx_word' id='word_1_17' title='bbox 1341 530 1501 592; x_wconf 89' lang='lat' dir='ltr'>idem</span> 
     </span>
     <span class='ocr_line' id='line_1_4' title="bbox 125 547 1503 692; baseline 0.001 -24"><span class='ocrx_word' id='word_1_18' title='bbox 125 609 304 670; x_wconf 70' lang='lat' dir='ltr'>aflum</span> <span class='ocrx_word' id='word_1_19' title='bbox 345 609 480 684; x_wconf 85' lang='lat' dir='ltr'>est,</span> <span class='ocrx_word' id='word_1_20' title='bbox 518 629 644 670; x_wconf 81' lang='lat' dir='ltr'>non</span> <span class='ocrx_word' id='word_1_21' title='bbox 685 631 872 692; x_wconf 82' lang='lat' dir='ltr'>regno</span> <span class='ocrx_word' id='word_1_22' title='bbox 895 653 916 682; x_wconf 87' lang='lat'><strong>‚</strong></span> <span class='ocrx_word' id='word_1_23' title='bbox 955 609 1057 678; x_wconf 84' lang='lat' dir='ltr'>sed</span> <span class='ocrx_word' id='word_1_24' title='bbox 1094 630 1231 691; x_wconf 88' lang='lat' dir='ltr'>rege</span> <span class='ocrx_word' id='word_1_25' title='bbox 1262 547 1503 670; x_wconf 42' lang='lat' dir='ltr'>&lt;giemi</span> 
     </span>
     <span class='ocr_line' id='line_1_5' title="bbox 124 689 1503 774; baseline 0.001 -24"><span class='ocrx_word' id='word_1_26' title='bbox 124 691 385 752; x_wconf 87' lang='lat' dir='ltr'>videmur</span> <span class='ocrx_word' id='word_1_27' title='bbox 429 712 446 749; x_wconf 88' lang='lat'><strong>:</strong></span> <span class='ocrx_word' id='word_1_28' title='bbox 499 689 812 752; x_wconf 63' lang='lat' dir='ltr'>interfeRo</span> <span class='ocrx_word' id='word_1_29' title='bbox 869 693 1031 751; x_wconf 87' lang='lat' dir='ltr'>enim</span> <span class='ocrx_word' id='word_1_30' title='bbox 1083 711 1218 773; x_wconf 84' lang='lat' dir='ltr'>rege</span> <span class='ocrx_word' id='word_1_31' title='bbox 1243 735 1263 764; x_wconf 93' lang='lat'><strong>‚</strong></span> <span class='ocrx_word' id='word_1_32' title='bbox 1307 695 1503 774; x_wconf 83' lang='lat' dir='ltr'>regios</span> 
     </span>
     <span class='ocr_line' id='line_1_6' title="bbox 125 771 1499 854; baseline 0.003 -24"><span class='ocrx_word' id='word_1_33' title='bbox 125 793 323 834; x_wconf 79' lang='lat' dir='ltr'>omnes</span> <span class='ocrx_word' id='word_1_34' title='bbox 363 788 544 832; x_wconf 83' lang='lat' dir='ltr'>nutus</span> <span class='ocrx_word' id='word_1_35' title='bbox 589 787 838 839; x_wconf 78' lang='lat' dir='ltr'>tuemur.</span> <span class='ocrx_word' id='word_1_36' title='bbox 877 771 1085 854; x_wconf 84' lang='lat' dir='ltr'>Neque</span> <span class='ocrx_word' id='word_1_37' title='bbox 1124 773 1282 834; x_wconf 66' lang='lat' dir='ltr'>verb.</span> <span class='ocrx_word' id='word_1_38' title='bbox 1313 772 1374 832; x_wconf 89' lang='lat' dir='ltr'>id</span> <span class='ocrx_word' id='word_1_39' title='bbox 1402 771 1499 854; x_wconf 48' lang='grc' dir='ltr'>[οἵ</span> 
     </span>
     <span class='ocr_line' id='line_1_7' title="bbox 127 852 1500 934; baseline 0.003 -22"><span class='ocrx_word' id='word_1_40' title='bbox 127 853 242 912; x_wconf 63' lang='lat' dir='ltr'>lum</span> <span class='ocrx_word' id='word_1_41' title='bbox 265 899 286 929; x_wconf 91' lang='lat'>‚</span> <span class='ocrx_word' id='word_1_42' title='bbox 321 852 428 914; x_wconf 83' lang='lat' dir='ltr'>sed</span> <span class='ocrx_word' id='word_1_43' title='bbox 463 854 690 926; x_wconf 69' lang='lat' dir='ltr'>etiam,</span> <span class='ocrx_word' id='word_1_44' title='bbox 725 869 854 934; x_wconf 83' lang='lat' dir='ltr'>quae</span> <span class='ocrx_word' id='word_1_45' title='bbox 888 853 1007 934; x_wconf 78' lang='lat' dir='ltr'>ipse</span> <span class='ocrx_word' id='word_1_46' title='bbox 1049 855 1145 916; x_wconf 82' lang='lat' dir='ltr'>ille</span> <span class='ocrx_word' id='word_1_47' title='bbox 1178 899 1201 928; x_wconf 94' lang='lat'><strong>,</strong></span> <span class='ocrx_word' id='word_1_48' title='bbox 1240 854 1289 912; x_wconf 83' lang='lat' dir='ltr'>si</span> <span class='ocrx_word' id='word_1_49' title='bbox 1320 855 1500 916; x_wconf 85' lang='lat' dir='ltr'>vive·-</span> 
     </span>
     <span class='ocr_line' id='line_1_8' title="bbox 129 931 1503 1017; baseline 0.001 -23"><span class='ocrx_word' id='word_1_50' title='bbox 129 951 212 994; x_wconf 81' lang='lat' dir='ltr'>ret</span> <span class='ocrx_word' id='word_1_51' title='bbox 232 977 253 1007; x_wconf 87' lang='lat'>‚</span> <span class='ocrx_word' id='word_1_52' title='bbox 290 955 418 994; x_wconf 83' lang='lat' dir='ltr'>non</span> <span class='ocrx_word' id='word_1_53' title='bbox 457 931 720 1006; x_wconf 74' lang='lat' dir='ltr'>facet-et,</span> <span class='ocrx_word' id='word_1_54' title='bbox 759 954 830 996; x_wconf 87' lang='lat' dir='ltr'>ea</span> <span class='ocrx_word' id='word_1_55' title='bbox 863 956 976 1006; x_wconf 71' lang='lat' dir='ltr'>uos</span> <span class='ocrx_word' id='word_1_56' title='bbox 996 981 1018 1007; x_wconf 92' lang='lat'><em>‚</em></span> <span class='ocrx_word' id='word_1_57' title='bbox 1052 937 1215 1016; x_wconf 83' lang='lat' dir='ltr'>quasi</span> <span class='ocrx_word' id='word_1_58' title='bbox 1248 937 1503 1017; x_wconf 77' lang='lat' dir='ltr'>cogitata</span> 
     </span>
     <span class='ocr_line' id='line_1_9' title="bbox 130 1013 1498 1100; baseline 0.002 -25"><span class='ocrx_word' id='word_1_59' title='bbox 130 1016 198 1075; x_wconf 80' lang='lat' dir='ltr'>ab</span> <span class='ocrx_word' id='word_1_60' title='bbox 228 1015 330 1076; x_wconf 83' lang='lat' dir='ltr'>ino</span> <span class='ocrx_word' id='word_1_61' title='bbox 358 1059 380 1088; x_wconf 86' lang='lat'>,</span> <span class='ocrx_word' id='word_1_62' title='bbox 411 1014 758 1094; x_wconf 74' lang='lat' dir='ltr'>probamuS.</span> <span class='ocrx_word' id='word_1_63' title='bbox 811 1014 939 1076; x_wconf 91' lang='lat' dir='ltr'>Nec</span> <span class='ocrx_word' id='word_1_64' title='bbox 981 1013 1109 1096; x_wconf 83' lang='lat' dir='ltr'>ejus</span> <span class='ocrx_word' id='word_1_65' title='bbox 1144 1013 1381 1100; x_wconf 84' lang='lat' dir='ltr'>quidem</span> <span class='ocrx_word' id='word_1_66' title='bbox 1415 1017 1498 1078; x_wconf 86' lang='lat' dir='ltr'>rei</span> 
     </span>
     <span class='ocr_line' id='line_1_10' title="bbox 133 1093 1505 1179; baseline 0.001 -23"><span class='ocrx_word' id='word_1_67' title='bbox 133 1094 302 1158; x_wconf 85' lang='lat' dir='ltr'>finem</span> <span class='ocrx_word' id='word_1_68' title='bbox 344 1095 552 1158; x_wconf 70' lang='lat' dir='ltr'>video,</span> <span class='ocrx_word' id='word_1_69' title='bbox 606 1093 853 1155; x_wconf 84' lang='lat' dir='ltr'><strong>Tabulae</strong></span> <span class='ocrx_word' id='word_1_70' title='bbox 895 1095 1143 1179; x_wconf 81' lang='lat' dir='ltr'>figuntur</span> <span class='ocrx_word' id='word_1_71' title='bbox 1162 1143 1183 1170; x_wconf 88' lang='lat'>‚</span> <span class='ocrx_word' id='word_1_72' title='bbox 1227 1093 1505 1159; x_wconf 57' lang='lat' dir='ltr'>immuniss</span> 
     </span>
     <span class='ocr_line' id='line_1_11' title="bbox 135 1175 1505 1258; baseline 0.001 -22"><span class='ocrx_word' id='word_1_73' title='bbox 135 1195 272 1238; x_wconf 77' lang='lat' dir='ltr'>tates</span> <span class='ocrx_word' id='word_1_74' title='bbox 326 1176 543 1237; x_wconf 82' lang='lat' dir='ltr'>dantur</span> <span class='ocrx_word' id='word_1_75' title='bbox 565 1217 588 1250; x_wconf 87' lang='lat'>‚</span> <span class='ocrx_word' id='word_1_76' title='bbox 645 1177 942 1258; x_wconf 68' lang='lat' dir='ltr'>pecuniae·</span> <span class='ocrx_word' id='word_1_77' title='bbox 967 1182 1233 1238; x_wconf 69' lang='lat' dir='ltr'>maxima</span> <span class='ocrx_word' id='word_1_78' title='bbox 1289 1175 1505 1238; x_wconf 74' lang='lat' dir='ltr'>descri-</span> 
     </span>
     <span class='ocr_line' id='line_1_12' title="bbox 135 1257 1505 1336; baseline 0.001 -18"><span class='ocrx_word' id='word_1_79' title='bbox 135 1259 336 1320; x_wconf 83' lang='lat' dir='ltr'>buntur</span> <span class='ocrx_word' id='word_1_80' title='bbox 361 1303 381 1332; x_wconf 93' lang='lat'><strong>‚</strong></span> <span class='ocrx_word' id='word_1_81' title='bbox 427 1257 652 1319; x_wconf 82' lang='lat' dir='ltr'>exsules</span> <span class='ocrx_word' id='word_1_82' title='bbox 690 1258 1039 1320; x_wconf 85' lang='lat' dir='ltr'>reducuntur</span> <span class='ocrx_word' id='word_1_83' title='bbox 1064 1301 1084 1336; x_wconf 87' lang='lat'><strong>,</strong></span> <span class='ocrx_word' id='word_1_84' title='bbox 1127 1257 1505 1322; x_wconf 85' lang='lat' dir='ltr'>senatuscon-</span> 
     </span>
     <span class='ocr_line' id='line_1_13' title="bbox 135 1337 1501 1412; baseline 0.002 -13"><span class='ocrx_word' id='word_1_85' title='bbox 135 1338 266 1408; x_wconf 72' lang='lat' dir='ltr'>sulta</span> <span class='ocrx_word' id='word_1_86' title='bbox 315 1337 461 1399; x_wconf 84' lang='lat' dir='ltr'>falsa</span> <span class='ocrx_word' id='word_1_87' title='bbox 517 1337 844 1400; x_wconf 83' lang='lat' dir='ltr'>referuntur</span> <span class='ocrx_word' id='word_1_88' title='bbox 880 1358 901 1412; x_wconf 79' lang='lat'>3</span> <span class='ocrx_word' id='word_1_89' title='bbox 967 1357 1033 1400; x_wconf 89' lang='lat' dir='ltr'>ut</span> <span class='ocrx_word' id='word_1_90' title='bbox 1090 1339 1501 1402; x_wconf 82' lang='lat' dir='ltr'>tantummodo</span> 
     </span>
     <span class='ocr_line' id='line_1_14' title="bbox 137 1419 1503 1500; baseline 0.001 -20"><span class='ocrx_word' id='word_1_91' title='bbox 137 1421 324 1480; x_wconf 88' lang='lat' dir='ltr'>odium</span> <span class='ocrx_word' id='word_1_92' title='bbox 363 1419 800 1492; x_wconf 79' lang='lat' dir='ltr'>illudhominis</span> <span class='ocrx_word' id='word_1_93' title='bbox 843 1422 1055 1500; x_wconf 84' lang='lat' dir='ltr'>impuri</span> <span class='ocrx_word' id='word_1_94' title='bbox 1087 1465 1107 1494; x_wconf 92' lang='lat'><strong>,</strong></span> <span class='ocrx_word' id='word_1_95' title='bbox 1154 1421 1217 1481; x_wconf 89' lang='lat'>&amp;</span> <span class='ocrx_word' id='word_1_96' title='bbox 1252 1420 1503 1482; x_wconf 84' lang='lat' dir='ltr'>servitu-</span> 
     </span>
     <span class='ocr_line' id='line_1_15' title="bbox 135 1499 1505 1584; baseline -0.001 -22"><span class='ocrx_word' id='word_1_97' title='bbox 135 1505 198 1562; x_wconf 88' lang='lat' dir='ltr'>tis</span> <span class='ocrx_word' id='word_1_98' title='bbox 239 1501 414 1563; x_wconf 88' lang='lat' dir='ltr'>dolor</span> <span class='ocrx_word' id='word_1_99' title='bbox 453 1499 726 1582; x_wconf 87' lang='lat' dir='ltr'>depulsus</span> <span class='ocrx_word' id='word_1_100' title='bbox 769 1499 882 1562; x_wconf 82' lang='lat' dir='ltr'>effe</span> <span class='ocrx_word' id='word_1_101' title='bbox 923 1501 1189 1562; x_wconf 79' lang='lat' dir='ltr'>videatur</span> <span class='ocrx_word' id='word_1_102' title='bbox 1226 1520 1247 1574; x_wconf 89' lang='lat'>;</span> <span class='ocrx_word' id='word_1_103' title='bbox 1294 1500 1505 1584; x_wconf 74' lang='lat' dir='ltr'>respu-</span> 
     </span>
     <span class='ocr_line' id='line_1_16' title="bbox 133 1581 1506 1663; baseline -0.001 -19"><span class='ocrx_word' id='word_1_104' title='bbox 133 1584 284 1644; x_wconf 74' lang='lat' dir='ltr'>blica</span> <span class='ocrx_word' id='word_1_105' title='bbox 331 1581 522 1660; x_wconf 69' lang='lat' dir='ltr'>iaceat</span> <span class='ocrx_word' id='word_1_106' title='bbox 565 1585 626 1642; x_wconf 79' lang='lat' dir='ltr'>in</span> <span class='ocrx_word' id='word_1_107' title='bbox 677 1583 766 1641; x_wconf 84' lang='lat' dir='ltr'>his</span> <span class='ocrx_word' id='word_1_108' title='bbox 812 1583 1335 1663; x_wconf 81' lang='lat' dir='ltr'>perturbationibus</span> <span class='ocrx_word' id='word_1_109' title='bbox 1368 1627 1389 1656; x_wconf 92' lang='lat'><strong>,</strong></span> <span class='ocrx_word' id='word_1_110' title='bbox 1444 1585 1506 1651; x_wconf 82' lang='lat' dir='ltr'>iu</span> 
     </span>
     <span class='ocr_line' id='line_1_17' title="bbox 137 1659 1503 1746; baseline 0.001 -22"><span class='ocrx_word' id='word_1_111' title='bbox 137 1680 446 1746; x_wconf 79' lang='lat' dir='ltr'>quas&#39;eam</span> <span class='ocrx_word' id='word_1_112' title='bbox 480 1663 581 1726; x_wconf 85' lang='lat' dir='ltr'>ille</span> <span class='ocrx_word' id='word_1_113' title='bbox 627 1659 902 1740; x_wconf 67' lang='lat' dir='ltr'>conjecit.</span> <span class='ocrx_word' id='word_1_114' title='bbox 955 1661 1103 1725; x_wconf 83' lang='lat' dir='ltr'>Haec</span> <span class='ocrx_word' id='word_1_115' title='bbox 1144 1666 1343 1725; x_wconf 85' lang='lat' dir='ltr'>omnia</span> <span class='ocrx_word' id='word_1_116' title='bbox 1390 1685 1503 1726; x_wconf 87' lang='lat' dir='ltr'>vo·-</span> 
     </span>
     <span class='ocr_line' id='line_1_18' title="bbox 135 1745 1507 1830; baseline 0.001 -23"><span class='ocrx_word' id='word_1_117' title='bbox 135 1747 220 1808; x_wconf 83' lang='lat' dir='ltr'>bis</span> <span class='ocrx_word' id='word_1_118' title='bbox 267 1745 393 1807; x_wconf 82' lang='lat' dir='ltr'>sunt</span> <span class='ocrx_word' id='word_1_119' title='bbox 439 1745 810 1826; x_wconf 78' lang='lat' dir='ltr'>expedienda</span> <span class='ocrx_word' id='word_1_120' title='bbox 845 1765 861 1804; x_wconf 70' lang='grc' dir='ltr'><strong><em>ε</em></strong></span> <span class='ocrx_word' id='word_1_121' title='bbox 909 1764 1023 1807; x_wconf 86' lang='lat' dir='ltr'>nec</span> <span class='ocrx_word' id='word_1_122' title='bbox 1071 1745 1187 1806; x_wconf 90' lang='lat' dir='ltr'>hoc</span> <span class='ocrx_word' id='word_1_123' title='bbox 1242 1747 1507 1830; x_wconf 86' lang='lat' dir='ltr'>cogitan-</span> 
     </span>
     <span class='ocr_line' id='line_1_19' title="bbox 137 1823 1507 1909; baseline 0.001 -21"><span class='ocrx_word' id='word_1_124' title='bbox 137 1828 268 1888; x_wconf 84' lang='lat' dir='ltr'>dum</span> <span class='ocrx_word' id='word_1_125' title='bbox 303 1873 324 1903; x_wconf 89' lang='lat'>‚</span> <span class='ocrx_word' id='word_1_126' title='bbox 387 1825 526 1888; x_wconf 84' lang='lat' dir='ltr'>satis</span> <span class='ocrx_word' id='word_1_127' title='bbox 573 1825 700 1909; x_wconf 84' lang='lat' dir='ltr'>jam</span> <span class='ocrx_word' id='word_1_128' title='bbox 735 1823 952 1886; x_wconf 81' lang='lat' dir='ltr'>habere</span> <span class='ocrx_word' id='word_1_129' title='bbox 1005 1825 1425 1909; x_wconf 79' lang='lat' dir='ltr'>rempublicam</span> <span class='ocrx_word' id='word_1_130' title='bbox 1472 1850 1507 1889; x_wconf 82' lang='lat' dir='ltr'>a</span> 
     </span>
     <span class='ocr_line' id='line_1_20' title="bbox 135 1907 1507 1991; baseline -0.003 -19"><span class='ocrx_word' id='word_1_131' title='bbox 135 1912 325 1973; x_wconf 79' lang='lat' dir='ltr'>vobis.</span> <span class='ocrx_word' id='word_1_132' title='bbox 357 1907 564 1970; x_wconf 85' lang='lat' dir='ltr'>Habet</span> <span class='ocrx_word' id='word_1_133' title='bbox 600 1909 702 1981; x_wconf 74' lang='lat' dir='ltr'>illa</span> <span class='ocrx_word' id='word_1_134' title='bbox 737 1909 978 1990; x_wconf 83' lang='lat' dir='ltr'>quidem</span> <span class='ocrx_word' id='word_1_135' title='bbox 1025 1927 1285 1983; x_wconf 81' lang='lat' dir='ltr'>tantum,</span> <span class='ocrx_word' id='word_1_136' title='bbox 1322 1929 1507 1991; x_wconf 82' lang='lat' dir='ltr'><strong>quan·-</strong></span> 
     </span>
     <span class='ocr_line' id='line_1_21' title="bbox 137 1990 1507 2071; baseline -0.001 -20"><span class='ocrx_word' id='word_1_137' title='bbox 137 2010 256 2051; x_wconf 84' lang='lat' dir='ltr'>tum</span> <span class='ocrx_word' id='word_1_138' title='bbox 319 2012 642 2071; x_wconf 75' lang='lat' dir='ltr'><strong>numquam</strong></span> <span class='ocrx_word' id='word_1_139' title='bbox 703 1990 848 2063; x_wconf 75' lang='lat' dir='ltr'>mihi</span> <span class='ocrx_word' id='word_1_140' title='bbox 903 1992 966 2049; x_wconf 86' lang='lat' dir='ltr'>in</span> <span class='ocrx_word' id='word_1_141' title='bbox 1029 2009 1289 2053; x_wconf 86' lang='lat' dir='ltr'>mentem</span> <span class='ocrx_word' id='word_1_142' title='bbox 1342 1992 1507 2055; x_wconf 82' lang='lat' dir='ltr'>venit</span> 
     </span>
     <span class='ocr_line' id='line_1_22' title="bbox 137 2069 1509 2157; baseline 0 -24"><span class='ocrx_word' id='word_1_143' title='bbox 137 2090 382 2153; x_wconf 75' lang='lat' dir='ltr'>optase3</span> <span class='ocrx_word' id='word_1_144' title='bbox 423 2070 529 2133; x_wconf 80' lang='lat' dir='ltr'>sed</span> <span class='ocrx_word' id='word_1_145' title='bbox 563 2088 840 2133; x_wconf 82' lang='lat' dir='ltr'>contenta</span> <span class='ocrx_word' id='word_1_146' title='bbox 882 2092 1005 2132; x_wconf 79' lang='lat' dir='ltr'>non</span> <span class='ocrx_word' id='word_1_147' title='bbox 1052 2069 1135 2133; x_wconf 90' lang='lat' dir='ltr'>est</span> <span class='ocrx_word' id='word_1_148' title='bbox 1162 2117 1182 2145; x_wconf 79' lang='grc'><em>,</em></span> <span class='ocrx_word' id='word_1_149' title='bbox 1226 2072 1293 2131; x_wconf 89' lang='lat'>&amp;</span> <span class='ocrx_word' id='word_1_150' title='bbox 1327 2117 1348 2148; x_wconf 86' lang='lat'>,</span> <span class='ocrx_word' id='word_1_151' title='bbox 1436 2094 1509 2157; x_wconf 67' lang='lat' dir='ltr'>tq</span> 
     </span>
     <span class='ocr_line' id='line_1_23' title="bbox 139 2150 1511 2237; baseline -0.002 -21"><span class='ocrx_word' id='word_1_152' title='bbox 139 2152 533 2237; x_wconf 77' lang='lat' dir='ltr'>magnitudine</span> <span class='ocrx_word' id='word_1_153' title='bbox 573 2152 638 2213; x_wconf 83' lang='lat'>&amp;</span> <span class='ocrx_word' id='word_1_154' title='bbox 673 2151 946 2212; x_wconf 83' lang='lat' dir='ltr'>animi&amp;</span> <span class='ocrx_word' id='word_1_155' title='bbox 987 2150 1260 2213; x_wconf 87' lang='lat' dir='ltr'>beneficii</span> <span class='ocrx_word' id='word_1_156' title='bbox 1297 2172 1373 2213; x_wconf 86' lang='lat' dir='ltr'>ve</span> <span class='ocrx_word' id='word_1_157' title='bbox 1422 2154 1511 2227; x_wconf 76' lang='lat' dir='ltr'>ri,</span> 
     </span>
     <span class='ocr_line' id='line_1_24' title="bbox 138 2230 1509 2317; baseline -0.004 -20"><span class='ocrx_word' id='word_1_158' title='bbox 138 2257 172 2297; x_wconf 85' lang='lat' dir='ltr'>a</span> <span class='ocrx_word' id='word_1_159' title='bbox 203 2234 372 2298; x_wconf 83' lang='lat' dir='ltr'>vobis</span> <span class='ocrx_word' id='word_1_160' title='bbox 407 2255 624 2317; x_wconf 80' lang='lat' dir='ltr'>magna</span> <span class='ocrx_word' id='word_1_161' title='bbox 651 2232 962 2295; x_wconf 83' lang='lat' dir='ltr'>desiderat.</span> <span class='ocrx_word' id='word_1_162' title='bbox 991 2233 1205 2313; x_wconf 76' lang='lat' dir='ltr'>Adhuc</span> <span class='ocrx_word' id='word_1_163' title='bbox 1235 2232 1357 2295; x_wconf 82' lang='lat' dir='ltr'>ulta</span> <span class='ocrx_word' id='word_1_164' title='bbox 1385 2230 1509 2299; x_wconf 83' lang='lat' dir='ltr'>suas</span> 
     </span>
     <span class='ocr_line' id='line_1_25' title="bbox 138 2313 1512 2399; baseline 0 -24"><span class='ocrx_word' id='word_1_165' title='bbox 138 2314 366 2399; x_wconf 66' lang='lat' dir='ltr'>injurias</span> <span class='ocrx_word' id='word_1_166' title='bbox 411 2313 496 2375; x_wconf 84' lang='lat' dir='ltr'>est</span> <span class='ocrx_word' id='word_1_167' title='bbox 539 2334 643 2396; x_wconf 86' lang='lat' dir='ltr'>per</span> <span class='ocrx_word' id='word_1_168' title='bbox 679 2336 794 2377; x_wconf 74' lang='lat' dir='ltr'>vos</span> <span class='ocrx_word' id='word_1_169' title='bbox 837 2316 1070 2388; x_wconf 75' lang='lat' dir='ltr'>interitu</span> <span class='ocrx_word' id='word_1_170' title='bbox 1112 2333 1135 2374; x_wconf 93' lang='lat' dir='ltr'>t</span> <span class='ocrx_word' id='word_1_171' title='bbox 1184 2315 1387 2389; x_wconf 77' lang='lat' dir='ltr'>ranni3</span> <span class='ocrx_word' id='word_1_172' title='bbox 1421 2317 1512 2375; x_wconf 90' lang='lat' dir='ltr'>ni-</span> 
     </span>
     <span class='ocr_line' id='line_1_26' title="bbox 141 2393 1509 2477; baseline 0.003 -20"><span class='ocrx_word' id='word_1_173' title='bbox 141 2396 216 2457; x_wconf 81' lang='lat' dir='ltr'>hil</span> <span class='ocrx_word' id='word_1_174' title='bbox 258 2396 540 2477; x_wconf 80' lang='lat' dir='ltr'>amplius.</span> <span class='ocrx_word' id='word_1_175' title='bbox 589 2394 956 2457; x_wconf 77' lang='lat' dir='ltr'>ornamenta</span> <span class='ocrx_word' id='word_1_176' title='bbox 1012 2416 1117 2457; x_wconf 83' lang='lat' dir='ltr'>ver</span> <span class='ocrx_word' id='word_1_177' title='bbox 1217 2393 1315 2456; x_wconf 90' lang='lat' dir='ltr'>sua</span> <span class='ocrx_word' id='word_1_178' title='bbox 1456 2417 1509 2461; x_wconf 79' lang='lat' dir='ltr'>ae</span> 
     </span>
     <span class='ocr_line' id='line_1_27' title="bbox 144 2475 1511 2560; baseline -0.001 -21"><span class='ocrx_word' id='word_1_179' title='bbox 144 2475 552 2560; x_wconf 76' lang='lat' dir='ltr'>recuperavit?</span> <span class='ocrx_word' id='word_1_180' title='bbox 598 2497 670 2535; x_wconf 82' lang='lat' dir='ltr'>an</span> <span class='ocrx_word' id='word_1_181' title='bbox 705 2476 870 2557; x_wconf 80' lang='lat' dir='ltr'>qubd</span> <span class='ocrx_word' id='word_1_182' title='bbox 891 2477 971 2537; x_wconf 81' lang='lat' dir='ltr'>-ei</span> <span class='ocrx_word' id='word_1_183' title='bbox 1008 2494 1240 2537; x_wconf 86' lang='lat' dir='ltr'>mortuo</span> <span class='ocrx_word' id='word_1_184' title='bbox 1288 2497 1365 2557; x_wconf 84' lang='lat' dir='ltr'>pa</span> <span class='ocrx_word' id='word_1_185' title='bbox 1429 2495 1452 2537; x_wconf 91' lang='lat' dir='ltr'>t</span> <span class='ocrx_word' id='word_1_186' title='bbox 1480 2520 1511 2553; x_wconf 77' lang='grc'><em>,</em></span> 
     </span>
     <span class='ocr_line' id='line_1_28' title="bbox 148 2554 1509 2638; baseline 0.001 -19"><span class='ocrx_word' id='word_1_187' title='bbox 148 2578 314 2637; x_wconf 81' lang='lat' dir='ltr'>quem</span> <span class='ocrx_word' id='word_1_188' title='bbox 367 2561 576 2620; x_wconf 81' lang='lat' dir='ltr'>vivum</span> <span class='ocrx_word' id='word_1_189' title='bbox 622 2556 774 2619; x_wconf 84' lang='lat' dir='ltr'>ferte</span> <span class='ocrx_word' id='word_1_190' title='bbox 829 2579 952 2618; x_wconf 85' lang='lat' dir='ltr'>non</span> <span class='ocrx_word' id='word_1_191' title='bbox 1007 2554 1283 2638; x_wconf 83' lang='lat' dir='ltr'>poterat?</span> <span class='ocrx_word' id='word_1_192' title='bbox 1348 2555 1509 2635; x_wconf 80' lang='lat' dir='ltr'><strong>cujus</strong></span> 
     </span>
     <span class='ocr_line' id='line_1_29' title="bbox 149 2636 1515 2722; baseline 0.002 -25"><span class='ocrx_word' id='word_1_193' title='bbox 149 2658 264 2701; x_wconf 80' lang='lat' dir='ltr'>aera</span> <span class='ocrx_word' id='word_1_194' title='bbox 299 2638 540 2722; x_wconf 80' lang='lat' dir='ltr'>refigere</span> <span class='ocrx_word' id='word_1_195' title='bbox 586 2637 942 2701; x_wconf 84' lang='lat' dir='ltr'>debebamus</span> <span class='ocrx_word' id='word_1_196' title='bbox 959 2682 980 2711; x_wconf 94' lang='lat'><strong>‚</strong></span> <span class='ocrx_word' id='word_1_197' title='bbox 1018 2636 1142 2718; x_wconf 84' lang='lat' dir='ltr'>ejus</span> <span class='ocrx_word' id='word_1_198' title='bbox 1180 2640 1357 2699; x_wconf 87' lang='lat' dir='ltr'>etiam</span> <span class='ocrx_word' id='word_1_199' title='bbox 1392 2637 1515 2719; x_wconf 72' lang='lat' dir='ltr'>chi-</span> 
     </span>
     <span class='ocr_line' id='line_1_30' title="bbox 147 2716 1515 2801; baseline 0 -24"><span class='ocrx_word' id='word_1_200' title='bbox 147 2720 430 2801; x_wconf 80' lang='lat' dir='ltr'>rographa</span> <span class='ocrx_word' id='word_1_201' title='bbox 479 2716 896 2788; x_wconf 77' lang='lat' dir='ltr'>defendimus?</span> <span class='ocrx_word' id='word_1_202' title='bbox 947 2716 1032 2778; x_wconf 86' lang='lat' dir='ltr'>At</span> <span class='ocrx_word' id='word_1_203' title='bbox 1076 2720 1234 2782; x_wconf 86' lang='lat' dir='ltr'>enim</span> <span class='ocrx_word' id='word_1_204' title='bbox 1275 2720 1357 2779; x_wconf 83' lang='lat' dir='ltr'>ita</span> <span class='ocrx_word' id='word_1_205' title='bbox 1397 2718 1515 2799; x_wconf 40' lang='lat' dir='ltr'>de:-</span> 
     </span>
     <span class='ocr_line' id='line_1_31' title="bbox 149 2798 1511 2879; baseline 0.003 -20"><span class='ocrx_word' id='word_1_206' title='bbox 149 2803 456 2863; x_wconf 81' lang='lat' dir='ltr'>crevimus.</span> <span class='ocrx_word' id='word_1_207' title='bbox 497 2798 764 2861; x_wconf 87' lang='lat' dir='ltr'>Fecimus</span> <span class='ocrx_word' id='word_1_208' title='bbox 801 2800 864 2863; x_wconf 86' lang='lat' dir='ltr'>id</span> <span class='ocrx_word' id='word_1_209' title='bbox 899 2798 1139 2879; x_wconf 84' lang='lat' dir='ltr'>quidem</span> <span class='ocrx_word' id='word_1_210' title='bbox 1162 2844 1184 2873; x_wconf 89' lang='lat'>‚</span> <span class='ocrx_word' id='word_1_211' title='bbox 1220 2800 1511 2878; x_wconf 84' lang='lat' dir='ltr'>tempori.-</span> 
     </span>
     <span class='ocr_line' id='line_1_32' title="bbox 153 2876 1512 2969; baseline 0.001 -24"><span class='ocrx_word' id='word_1_212' title='bbox 153 2879 256 2945; x_wconf 78' lang='lat' dir='ltr'>bus</span> <span class='ocrx_word' id='word_1_213' title='bbox 315 2882 641 2959; x_wconf 57' lang='lat' dir='ltr'>cedentes,</span> <span class='ocrx_word' id='word_1_214' title='bbox 692 2902 822 2965; x_wconf 60' lang='grc' dir='ltr'>(με</span> <span class='ocrx_word' id='word_1_215' title='bbox 868 2879 1067 2959; x_wconf 65' lang='lat' dir='ltr'>valent</span> <span class='ocrx_word' id='word_1_216' title='bbox 1120 2881 1183 2959; x_wconf 67' lang='lat' dir='ltr'>iu</span> <span class='ocrx_word' id='word_1_217' title='bbox 1221 2876 1512 2969; x_wconf 61' lang='lat' dir='ltr'>republiqa</span> 
     </span>
    </p>
   </div>
  </div>
 </body>
</html>
