1998 3814
424 334 687 433 «308,
774 335 1538 406 ΕΡιετοιΛκυΜ

473 468 819 529 quamquam
880 451 939 509 in
1001 448 1089 507 his
1157 449 1355 511 litteris
1412 450 1648 531 longior
1703 448 1800 509 fu}
1833 462 1855 523 ,·

475 528 650 607 quam
712 546 811 589 aut
856 528 1078 591 vellem
1115 574 1136 603 ,
1203 544 1298 589 aut
1351 530 1527 608 quam
1573 550 1676 590 me
1729 552 1858 610 pu-

476 611 595 669 tavi
644 606 795 669 fore.
1311 666 1318 673 .
1395 666 1404 679 .
1811 626 1843 649 s

556 686 753 749 XIIL
792 688 997 749 Unum
1033 686 1156 761 est,
1191 688 1354 769 quod
1393 687 1498 749 tibi
1539 708 1660 771 ego
1693 710 1860 769 prae-

474 770 671 847 tipere
734 790 855 829 non
914 768 1180 829 desinam
1217 789 1237 841 3
1301 788 1490 848 neque
1538 787 1598 829 te
1665 774 1858 849 patiar

478 846 511 927 (
547 867 822 927 quantum
868 851 929 907 in
972 869 1068 909 me
1105 852 1216 909 erit
1252 847 1278 928 )
1313 868 1448 907 cum
1489 853 1858 928 exceptione

476 928 737 989 laudari:
774 948 979 989 omnes
1019 933 1178 989 enim
1215 931 1312 1008 qui
1346 928 1506 987 istinc
1541 932 1800 991 veniunt
1830 974 1854 1003 ‚

478 1010 563 1071 ita
597 1008 675 1071 de
720 1026 819 1069 tua
860 1011 1072 1071 virtute
1103 1046 1123 1083 ,
1161 1011 1484 1089 integritate
1511 1052 1532 1082 ,
1571 1010 1860 1069 humani-

464 1105 595 1155 ‚tate
640 1108 1102 1151 commemorant
1141 1104 1169 1163 ,⁰
1217 1104 1282 1149 ut
1337 1091 1396 1149 in
1445 1091 1570 1149 tuis·
1609 1089 1854 1151 summis

476 1168 739 1229 laudibus
757 1172 1050 1249 excipiant
1070 1189 1248 1229 vunam
1275 1170 1662 1229 iracundiam:
1687 1171 1858 1253 quod
1984 1238 1987 1255 Ι

462 1251 687 1309 'vitium
708 1294 727 1323 ‚
760 1270 939 1331 quum
980 1254 1042 1311 in
1078 1250 1184 1311 hac
1225 1252 1448 1329 privata
1481 1252 1860 1329 quotidiana-
1984 1260 1987 1397 Ι

480 1348 593 1409 que
640 1332 763 1393 vita
786 1376 805 1405 ‚
854 1332 997 1394 kevis
1041 1328 1152 1391 effe
1197 1332 1371 1389 animi
1421 1346 1594 1410 atque
1634 1330 1858 1391 infirmi

479 1408 751 1485 videtur;
784 1430 909 1472 tum
933 1412 1080 1473 verb
1107 1410 1248 1470 nihil
1279 1408 1362 1471 est
1391 1417 1512 1469 tam'
1545 1410 1856 1486 deforme,
1984 1408 1987 1493 J

480 1490 659 1571 quam
702 1492 777 1551 ad
814 1490 1101 1553 summum
1137 1493 1448 1570 imperium
1481 1493 1660 1549 etiam
1693 1512 1860 1553 acer-

478 1572 723 1634 bitatem
780 1590 995 1633 naturae
1051 1568 1389 1652 adiungere.
1445 1570 1646 1650 Quare
1707 1574 1856 1633 illud

481 1670 603 1710 non
644 1650 929 1732 suscipiam
950 1696 970 1724 ‚
1003 1668 1069 1711 ut
1090 1696 1110 1720 ‚
1145 1672 1276 1732 quae
1307 1650 1380 1710 de
1401 1652 1699 1711 iracundia
1737 1654 1854 1715 dici

480 1730 667 1792 fialent
714 1732 754 1791 'a
804 1730 1145 1807 dofflssimis
1196 1731 1523 1800 hominibus
1557 1774 1577 1802 ,
1627 1750 1704 1791 ea
1747 1735 1856 1792 tibi

480 1830 635 1870 nunc
680 1830 969 1891 exponam
1009 1856 1029 1886 ‚
1081 1831 1262 1890 quum
1315 1812 1380 1869 &
1425 1814 1597 1871 nimis
1635 1811 1856 1895 longus

480 1888 594 1952 effe
634 1892 817 1952 nolim
855 1937 874 1966 ‚
917 1892 982 1952 &
1037 1911 1110 1952 ex
1148 1892 1460 1962 multotum
1507 1889 1734 1972 scriptis
1781 1915 1854 1963 ea

478 1969 646 2032 facile
686 1976 871 2052 possis
908 1972 1258 2054 cognoscere
1288 1992 1304 2030 z
1349 1971 1533 2044 illud,
1573 1973 1742 2052 quod
1771 1972 1852 2034 est

480 2049 735 2132 epistolae
780 2056 1084 2134 proprium
1111 2097 1130 2126 ‚
1167 2071 1232 2112 ut
1269 2054 1316 2111 is
1338 2096 1358 2126 ,
1387 2053 1462 2112 ad
1503 2073 1682 2132 quem
1713 2053 1852 2114 scri-

480 2133 677 2205 bitur,
722 2135 795 2194 de
834 2135 903 2194 iis
938 2135 1110 2196 rebus
1139 2177 1156 2206 ‚
1249 2153 1348 2194 uas
1395 2134 1408 2190 i
1449 2151 1660 2207 norat,
1711 2155 1850 2196 cer-

480 2215 595 2274 tior
628 2212 729 2272 fiat
750 2257 769 2281 ‚
798 2216 1213 2292 praetermitten
1254 2233 1354 2272 um
1381 2233 1414 2272 e
1459 2232 1494 2273 e
1523 2233 1650 2273 non
1675 2235 1850 2294 puto.

564 2311 661 2372 30.
698 2292 791 2354 Sic
837 2295 913 2356 ad
964 2315 1074 2354 nos
1115 2313 1319 2354 omnes
1359 2291 1482 2354 fere
1525 2293 1798 2356 deferunt
1823 2341 1846 2369 ‚

478 2371 619 2450 nihil
640 2417 658 2446 ‚
698 2393 875 2452 quum
910 2375 1056 2434 absit
1084 2373 1412 2448 iracundia,
1446 2389 1510 2434 te
1529 2371 1657 2436 fieri
1685 2375 1846 2456 poffe

478 2449 825 2530 iucundius:
858 2452 967 2514 ’[εά
1012 2475 1188 2534 quum
1233 2470 1294 2513 te
1336 2450 1580 2530 alicujus
1620 2458 1846 2535 impro-

478 2533 629 2594 bitas
652 2577 673 2607 ,
709 2534 1164 2614 perversitasque
1201 2535 1588 2595 commoverit
1607 2579 1628 2608 ‚
1663 2538 1748 2605 sic
1786 2553 1844 2596 te

476 2615 673 2674 animo
720 2616 939 2674 incitari
967 2660 987 2688 ‚
1027 2631 1090 2676 ut
1131 2614 1203 2676 ab
1250 2615 1520 2676 omnibus
1557 2629 1660 2674 tua
1693 2617 1844 2678 desi-

482 2693 711 2756 deretur
761 2695 1104 2756 humanitas·
1167 2691 1370 2770 Quave
1399 2739 1418 2768 ,
1457 2697 1742 2775 quoniam
1787 2699 1844 2756 in

432 2788 445 2800 ·
478 2793 609 2836 eam
645 2777 928 2836 rationem
970 2778 1106 2835 vitae
1145 2794 1254 2834 nos
1293 2795 1415 2834 non
1455 2793 1574 2836 tam
1623 2797 1693 2834 cu
1739 2775 1844 2836 idi-

480 2869 565 2916 tas
612 2855 874 2940 quaedam
932 2856 1130 2938 glori&
1171 2898 1192 2929 ,
1253 2855 1430 2936 quam
1481 2875 1573 2918 res
1611 2861 1671 2940 ip
1697 2879 1736 2918 a
1775 2876 1842 2923 ac
1977 2841 1980 2932 1
