1998 3814
314 357 432 412 AD
473 338 562 431 Q.
594 337 986 407 FRATREM
1018 339 1199 407 Lm.
1228 333 1289 406 I.
1342 331 1497 430 289

146 467 258 512 >tum
287 451 492 514 meum
528 450 644 512 effe
679 451 1005 524 confiteor3
1042 449 1124 511 est
1166 447 1455 532 sapientiae
1474 493 1497 525 ‚

147 551 304 614 atque
364 535 730 592 humanitatis
773 551 888 593 tuae
921 577 941 605 ‚
983 552 1179 592 curare
1224 533 1288 592 δι
1318 530 1501 614 perfi-

147 634 266 674 cere
289 659 308 686 ‚
351 633 414 674 ut
456 615 571 672 hoc
607 615 794 672 minhs
829 613 1113 693 sapienter
1152 633 1187 672 a
1222 633 1321 674 me
1358 630 1501 696 pro·

146 693 316 753 visum
339 739 362 767 ‚
397 695 700 776 diligentia
728 693 827 754 tua
859 697 1188 776 corrigatur.

170 809 178 815 ν
221 792 274 854 3.
316 775 408 834 Ac
449 777 496 836 si
533 793 592 834 te
634 773 754 854 ipse
805 775 1206 835 vehementitxs
1248 771 1325 833 ad
1358 793 1500 834 om·

145 875 238 914 nes
279 871 476 937 partes
509 855 664 916 bene
707 853 978 914 audiendi
1023 857 1287 916 excitaris
1308 897 1331 928 ‚
1374 875 1499 914 non

146 953 204 995 ut
231 957 366 996 cum
405 936 535 995 aliis
558 979 579 1009 ‚
609 933 710 994 sed
741 951 806 993 ut
835 953 1031 994 tecum
1072 932 1189 1012 jam
1228 932 1347 1014 ipse
1378 955 1503 994 cer-

149 1031 228 1075 tes
259 1036 278 1087 ;
322 1019 370 1076 si
408 1035 654 1076 omnem
689 1031 848 1074 tuam
897 1033 1156 1075 mentem
1182 1059 1203 1088 ‚
1246 1033 1441 1073 curam
1482 1059 1507 1089 ‚

149 1099 560 1177 cogitationem
593 1095 667 1156 ad
708 1097 1093 1155 excellentem
1130 1093 1401 1154 omnibus
1440 1097 1505 1154 in

150 1178 308 1236 rebus
357 1177 549 1237 laudis
599 1176 973 1255 cupiditatem
1021 1177 1270 1235 incitaris
1302 1194 1324 1247 3
1362 1175 1506 1236 mihi

153 1258 308 1318 crede
345 1303 368 1332 ,
423 1268 576 1317 unns
617 1274 798 1316 annus
849 1256 1079 1316 additus
1130 1256 1314 1315 labori
1348 1271 1451 1315 tuo
1480 1298 1505 1330 ,

153 1339 454 1399 multorum
494 1357 778 1397 annorum
819 1336 1075 1396 laetitiam
1108 1336 1276 1396 nobis
1298 1379 1319 1409 ,
1404 1337 1505 1396 lo·-

154 1419 282 1478 riam
328 1420 480 1480 verb
533 1421 710 1479 etiam
751 1415 990 1500 posteris
1034 1416 1241 1477 nostris
1288 1437 1323 1475 a
1365 1433 1509 1478 eret.

157 1495 532 1579 Quapropter
578 1499 694 1558 hoc
751 1513 814 1558 te
873 1496 1125 1578 pritmim
1178 1516 1327 1577 rogo
1351 1540 1374 1569 ,
1426 1515 1505 1557 ne

159 1581 442 1640 contrahas
465 1623 486 1653 ‚
519 1599 587 1638 ac
625 1579 894 1640 demittas
925 1582 1182 1664 animum
1206 1597 1223 1650 ;
1256 1595 1407 1636 neve
1446 1593 1511 1638 te

161 1661 312 1720 obrui
337 1707 355 1732 ‚
393 1677 692 1739 tamquam
733 1655 908 1719 flufilu
932 1705 952 1732 ,
991 1661 1075 1718 sic
1118 1656 1512 1740 magnitudine

161 1737 366 1820 negotii
401 1743 592 1812 sinas;
627 1741 942 1819 contraque
977 1742 1161 1820 erigas
1188 1783 1209 1814 ‚
1246 1759 1310 1798 ac
1350 1739 1513 1797 resis-

161 1836 236 1878 tas
271 1865 292 1893 ‚
349 1823 474 1882 sive
517 1821 696 1880 etiam
735 1820 889 1879 ultro
937 1839 1203 1880 occurras
1237 1819 1510 1900 negotiis.

165 1891 360 1983 Neque
406 1903 564 1963 enim
601 1898 886 1981 ejusmodi
913 1920 1137 1981 partem
1179 1897 1509 1981 reipublicae

166 1985 300 2059 geris
335 2027 356 2058 ,
408 1982 470 2042 in
527 2003 641 2063 qua
687 1981 918 2041 fortuna
972 1982 1307 2041 dominetur
1342 2024 1361 2053 ‚
1408 1979 1509 2039 sed

166 2063 216 2119 in
247 2082 356 2143 qua
381 2064 695 2142 plurimhm
719 2066 866 2121 ratio
898 2063 1084 2141 possit
1108 2063 1171 2121 &
1196 2061 1513 2141 diligentia.

238 2162 292 2216 4.
333 2142 526 2222 Quod
573 2146 622 2201 si
673 2143 778 2202 tibi
833 2142 1053 2201 bellum
1104 2140 1343 2221 aliquod
1386 2160 1513 2197 ma-

169 2241 328 2301 gnum
377 2226 442 2283 ὃ(
489 2220 1321 2302 periculosumaadministranti
1368 2240 1513 2299 pro·

172 2322 417 2383 rogatum
465 2306 772 2383 imperium
811 2303 1077 2363 viderem
1122 2320 1141 2373 ;
1200 2320 1512 2379 tremerem

172 2384 350 2447 animo
374 2430 393 2457 ‚
441 2383 604 2463 quod
635 2385 850 2443 eodem
885 2400 1157 2463 ternpore
1194 2380 1307 2443 ess'e
1344 2384 1519 2442 intel·

172 2461 390 2543 ligerem
433 2467 614 2523 etiam
645 2462 890 2523 fortunae
929 2461 1273 2544 potestatem
1308 2464 1368 2523 in
1399 2484 1513 2524 nos
1574 2462 1581 2468 ’

175 2560 562 2626 prorogatam:
603 2564 752 2602 nunc
793 2545 940 2603 verb
973 2563 1043 2603 ea
1086 2565 1214 2623 pars
1254 2544 1356 2602 tibi
1402 2546 1513 2602 rei·-

174 2624 402 2699 publicae
447 2622 740 2683 commiffa
780 2622 862 2683 est
905 2668 923 2698 ,
975 2626 1037 2683 in
1079 2644 1193 2706 qua
1234 2640 1331 2684 aut
1375 2623 1515 2681 nul-

175 2702 275 2762 lam
319 2748 342 2778 ‚
397 2722 496 2765 aut
559 2706 930 2786 perexiguam
998 2725 1223 2785 partem
1282 2703 1515 2762 fortuna

174 2798 356 2859 tenet,
400 2785 464 2845 &
501 2804 628 2863 quae
665 2788 824 2845 mihi
853 2800 982 2845 tota
1018 2788 1077 2844 in
1122 2802 1216 2845 tua
1256 2785 1467 2842 virtute
1492 2829 1513 2857 ‚

179 2882 236 2928 ac
275 2865 670 2925 moderatione
706 2867 886 2927 animi
931 2868 1120 2945 posita
1156 2862 1269 2927 esse
1304 2862 1518 2938 videa-2

251 2948 446 3007 Tamus
494 2945 636 3007 XII.
943 2946 946 2948 Α
1257 2941 1319 3003 Ν
