1998 3814
385 340 502 394 AD
530 330 978 395 FAMILIAR.
1006 325 1183 396 Lm.
1204 326 1373 399 XII.
1452 346 1546 421 51

181 436 316 499 dum
379 440 694 521 sit.„Quid
735 440 891 499 enim
945 438 1029 499 est
1064 486 1085 513 ‚
1146 440 1305 522 quod
1344 460 1553 505 contra

177 522 294 580 vim
335 525 464 582 sine
497 527 560 583 vi
699 524 712 535 ’
753 521 978 600 possit?
1010 518 1337 581 Consilium
1371 546 1550 587 omne

162 621 374 663 autem
413 604 531 663 hoc
683 602 922 661 illorum
943 646 964 675 ‚
1008 620 1075 662 ut
1114 622 1363 665 mortem
1406 604 1553 665 Cae-

162 681 306 743 saris
345 684 784 765 persequantur.
813 681 1017 763 Itaque
1049 706 1101 742 a.
1136 684 1195 743 d.
1224 686 1359 746 sext.
1390 685 1554 749 Non.

159 760 398 825 anh.
443 764 760 845 produflus
799 766 860 822 in
899 766 1247 825 concionem
1280 789 1315 825 a
1352 765 1553 828 Canu·

157 848 250 905 tio
277 892 300 920 ‚
343 848 679 927 turpissime
719 844 816 904 ille
849 845 1087 926 quidem
1122 846 1373 908 discessit
1395 868 1415 921 ;
1438 849 1551 910 ‘sed

157 941 374 987 tamen
438 948 514 987 ea
559 927 704 986 dixit
761 926 836 985 de
891 925 1393 988 conservatoribus
1442 952 1549 1009 pa-

157 1009 292 1067 triae
316 1052 340 1083 ‚
381 1028 522 1089 quae
565 1008 680 1067 dici
710 1005 990 1067 deberent
1026 1007 1100 1067 de
1142 1010 1553 1089 proditoribus-

163 1085 276 1148 De
333 1110 440 1150 me
507 1089 743 1171 quidem
799 1109 920 1147 non
975 1087 1303 1151 dubitanter
1336 1136 1356 1162 ‚
1410 1096 1549 1171 quin

166 1173 376 1230 omnia
419 1170 500 1229 de
543 1190 682 1231 tneo
722 1169 964 1228 consilio
1004 1169 1065 1227 &
1098 1192 1208 1231 vos
1241 1172 1507 1233 fecissetis
1528 1221 1549 1249 ,

161 1250 246 1311 &‚
291 1249 591 1312 Canutius
656 1250 889 1312 faceret.
954 1247 1171 1312 Cetera
1225 1251 1547 1330 cujusmodi

162 1334 284 1393 sint
309 1380 332 1407 ,
382 1352 469 1392 ex
523 1332 636 1393 hoc
688 1328 878 1410 judica
911 1375 932 1405 ‚
999 1332 1157 1413 quod
1207 1333 1401 1417 legato
1448 1352 1551 1398 tuo

160 1416 466 1475 viaticum
501 1416 850 1493 eripuerunt.
903 1410 1075 1489 Quid
1116 1434 1221 1473 eos
1260 1418 1407 1475 inter
1454 1438 1548 1478 re-

161 1498 279 1553 tati
313 1514 530 1577 putaS,
568 1516 742 1575 quum
777 1494 890 1553 hoc
922 1492 1180 1553 faciunt?
1212 1496 1286 1554 ad
1322 1438 1545 1557 hoKem

169 1575 396 1636 scilicet
443 1578 676 1656 portari.
721 1571 784 1633 O
827 1594 954 1634 rem
987 1574 1253 1635 miseram
1290 1576 1305 1635 !
1356 1577 1551 1637 domi-

177 1677 322 1716 num
361 1655 518 1717 ferre
569 1678 689 1717 non
736 1659 1073 1737 potuimus,
1122 1656 1401 1718 conservo
1438 1658 1551 1721 ser-

171 1740 392 1799 vimus·
443 1736 516 1797 Et
575 1755 767 1797 tamen
803 1782 824 1811 ‚
875 1758 970 1796 me
1026 1738 1261 1819 quidem
1310 1738 1547 1804 favente

167 1824 362 1903 magis
391 1864 414 1893 ,
453 1818 622 1899 quam
661 1817 958 1899 sperante,
1010 1821 1182 1877 etiam
1224 1840 1377 1879 nunc
1409 1827 1550 1882 resi-

169 1900 276 1962 det
313 1900 456 1982 spes
495 1903 556 1960 in
583 1901 795 1962 virtute
835 1905 964 1971 tua:
995 1898 1115 1960 Sed
1154 1898 1253 1960 ubi
1288 1900 1414 1962 sun't
1447 1925 1548 1964 co-

167 1983 340 2064 piae?
387 1980 489 2043 De
529 1982 750 2062 reliquo
775 2026 796 2055 ‚
844 1982 1002 2040 malo
1048 1999 1109 2042 te
1155 1981 1341 2062 ipsum
1383 1983 1545 2066 loqui

167 2081 381 2125 tecum
424 2107 442 2138 ,
491 2063 665 2145 quam
721 2060 912 2123 nostra
965 2059 1127 2152 dicia·
1176 2064 1545 2146 cognoscere.

172 2143 356 2207 Vale.

154 2277 305 2340 .M.
368 2274 452 2337 T.
513 2274 586 2337 c,
644 2275 720 2338 c,
781 2274 1109 2338 cismo
1172 2227 1362 2337 ssP.
1420 2273 1507 2340 D.

151 2411 382 2466 ‘VARIA
406 2411 724 2478 compleffitur
751 2411 844 2460 haec
880 2410 1079 2478 epistola
1097 2443 1111 2469 ‚
1148 2412 1205 2459 de
1225 2409 1429 2462 Antonii
1457 2430 1544 2463 ne-

244 2485 410 2554 quitia
432 2520 449 2540 ,
493 2487 550 2534 de
582 2481 790 2552 senatu,
831 2485 890 2533 de
919 2483 1101 2551 populo
1124 2516 1138 2542 ‚
1180 2485 1235 2533 de
1276 2485 1445 2554 legatis
1480 2487 1547 2534 ad

251 2559 555 2700 ῗῖηειὲιίιιὲἱιὲ
579 2561 634 2609 de
658 2556 928 2609 Dolabella
944 2591 962 2614 ,
989 2558 1047 2608 de
1070 2553 1169 2625 ipso
1195 2558 1373 2609 Cassio.
1395 2563 1547 2660 Antio

163 2816 226 2872 4.
255 2725 450 2858 Vn
469 2811 505 2853 1.
523 2811 561 2854 ι.
579 2811 614 2853 E
633 2812 684 2854 M
712 2789 912 2853 Idibus
943 2786 1165 2864 Martiis
1195 2807 1291 2848 me
1324 2787 1395 2848 ad
1422 2809 1550 2850 εοε-

165 2898 316 2943 nam
366 2872 658 2941 invitass'es
687 2894 704 2936 z
748 2872 1119 2953 reliquiarum
1163 2868 1549 3034 nigilijfuiffet.
