1998 3814
413 326 556 376 AD
631 307 1143 381 anrvu.
1287 327 1442 403 455

331 447 688 514 C1'01-:Ro
749 451 1075 518 Bau-ro
1138 451 1201 515 S.

121 585 209 640 DE
231 603 326 640 tota
344 591 670 654 constitutione
699 593 817 648 belli
839 593 951 661 quid
967 591 1149 659 sentiat
1163 593 1412 664 perscribit
1428 631 1445 658 ‚

184 661 515 804 ῧοβὲωιζτοαά
531 669 752 735 majorem
761 668 1063 738 flur-imum
1084 670 1283 722 excisae.
1304 671 1453 722 Anno

121 921 172 1042 ¹5·
192 834 310 1048 Q
330 925 456 972 νε
501 909 708 970 litterae
762 925 868 973 tuo
917 909 1157 969 ‘nomine
1204 911 1455 972 recitata

143 1003 226 1046 unt
287 987 325 1047 d
359 987 548 1069 April.
581 994 644 1050 in
678 988 874 1051 senatu
894 1034 914 1062 ,
949 990 1167 1050 eodem
1208 1011 1281 1050 ue
1310 1009 1461 1052 tem·

124 1083 246 1141 pore
275 1067 565 1144 Antonii,
603 1071 782 1130 credo
807 1070 881 1130 ad
901 1087 962 1130 te
987 1070 1181 1150 scripsi
1227 1089 1261 1131 e
1288 1088 1419 1131 tuos
1435 1116 1456 1146 ‚

125 1163 344 1223 quorum
385 1171 502 1232 ego
558 1153 778 1212 nemini
819 1151 1085 1210 concedo
1119 1173 1135 1208 ε
1172 1150 1271 1211 sed
1320 1153 1460 1213 nihil

125 1227 322 1294 necesse
349 1248 472 1292 erat
511 1231 724 1294 eadem
749 1251 956 1292 omnes
993 1253 1009 1289 t
1037 1229 1175 1290 illud
1200 1230 1423 1293 necess‘e
1441 1277 1462 1308 ,

127 1321 205 1376 me
237 1310 308 1372 ad
335 1325 392 1374 te
419 1311 709 1384 scribere,
746 1313 886 1392 quid
919 1310 1189 1372 sentirem
1228 1313 1303 1372 de
1341 1330 1465 1374 tota

124 1386 502 1456 constitutione
542 1389 712 1470 hujus
745 1393 924 1467 belli,
958 1393 1022 1451 &
1076 1411 1192 1472 quo
1246 1390 1465 1472 judicio

127 1463 313 1544 estem,
393 1474 586 1555 uiique
617 1472 918 1535 sententia.
960 1473 1251 1533 Voluntas
1302 1493 1467 1550 mea,

127 1543 280 1616 Brute
297 1595 318 1626 ,
349 1495 420 1616 32
447 1555 672 1618 summa
690 1554 984 1634 republica
1013 1552 1239 1635 semper
1255 1553 1467 1615 eadem

128 1623 249 1705 fuit,
284 1653 410 1714 quae
447 1653 554 1698 tua
595 1654 610 1692 z
646 1637 791 1695 ratio
823 1633 1161 1715 quibusdam
1202 1637 1259 1695 in
1298 1633 1467 1696 rebus

133 1703 278 1787 (non
313 1719 469 1777 enim
521 1713 842 1795 omnibus)
885 1716 1063 1794 paul&
1110 1713 1335 1776 fortasse
1369 1735 1472 1776 ve·-

132 1786 452 1857 hememior.
489 1794 615 1856 Scis
642 1797 782 1856 mihi
809 1795 1037 1874 semper
1062 1793 1328 1874 placuiss'e
1353 1817 1474 1858 non

135 1887 252 1953 rege
285 1875 516 1951 solum,
550 1875 652 1937 sed
681 1897 863 1959 regno
907 1875 1131 1938 liberari
1158 1877 1476 1959 rempubli-

135 1968 265 2017 cam.
299 1955 394 2021 Tu
437 1959 627 2021 lenius
649 2002 668 2031 ,
707 1959 1019 2017 immortali
1058 1962 1301 2017 omnino
1344 1978 1477 2016 cum

135 2047 222 2093 tua
245 2035 406 2101 laude
436 2060 452 2099 z
489 2037 590 2099 sed
617 2038 754 2120 quid
791 2040 994 2098 melius
1030 2036 1200 2097 fuerit
1220 2079 1241 2109 ,
1266 2056 1481 2117 magno

136 2112 322 2179 dolore
343 2118 624 2181 sensimus
637 2163 656 2192 ‚
673 2138 886 2201 magno
910 2118 1167 2197 periculo
1186 2116 1481 2177 sentimus.

137 2188 363 2259 Recenti
383 2202 490 2261 illo
520 2218 786 2281 tempore
801 2243 822 2274 ‚
845 2217 908 2259 tu
927 2201 1125 2257 omnia
1140 2199 1211 2257 ad
1234 2216 1437 2277 pacem
1460 2242 1483 2271 ,

141 2292 254 2353 qnae
269 2284 534 2341 oratione
561 2278 768 2339 confici
790 2289 1197 2358 non·poterat;
1225 2298 1339 2359 ego
1363 2298 1487 2337 om·

140 2357 224 2415 nia
244 2360 314 2421 ad
330 2361 656 2421 libertatem
681 2404 698 2432 ,
721 2380 850 2441 quae
878 2362 1001 2419 sine
1024 2378 1167 2438 pace
1189 2360 1345 2419 nulla
1360 2357 1443 2419 est
1464 2378 1481 2419 z

143 2453 330 2511 pacem
354 2442 536 2521 ipsam
555 2440 712 2505 bello
742 2457 912 2520 atque
940 2440 1111 2498 armis
1142 2438 1294 2499 effici
1326 2438 1487 2520 posse

142 2517 457 2583 arbitrabar.
495 2520 694 2583 Studia
726 2541 850 2581 non
891 2519 1135 2603 deerant·
1164 2540 1321 2579 arma
1347 2519 1493 2600 pos-

140 2601 382 2662 centium
407 2646 428 2675 ‚
469 2622 714 2682 quorum
756 2602 1131 2680 repressimus
1169 2602 1453 2680 impetum
1473 2642 1496 2671 ,

145 2677 513 2763 ardoremque
535 2680 910 2743 restinximus.
937 2679 1025 2741 Ita
1066 2699 1139 2741 ue
1172 2700 1261 2740 res
1280 2682 1340 2738 in
1359 2698 1497 2739 eum

145 2754 326 2821 locum
348 2780 592 2823 venerat
609 2805 630 2834 ‚
654 2780 718 2824 ut
737 2807 758 2837 ,
788 2762 899 2823 nisi
930 2758 1037 2821 Cae
1062 2762 1143 2821 ari
1166 2757 1494 2819 oaaviano

151 2835 282 2901 deus
323 2843 564 2926 quidun
601 2842 760 2905 illam
810 2858 1073 2905 mentem
1120 2836 1357 2909 dediffet
1378 2882 1417 2917 „
1434 2840 1498 2902 in
