1998 3814
425 305 586 407 348
734 307 1113 378 Epts-ro
1137 323 1490 405 tanniu

427 426 644 508 placuit
684 423 969 484 accusari:
1008 423 1066 482 ei
1105 437 1222 482 tres
1259 411 1556 484 sentent'iae
1601 421 1811 486 deta-2

422 510 585 568 rimae
620 508 681 565 in
715 507 955 564 consilio
993 502 1342 564 defuerunt:
1375 508 1575 584 itaque
1606 505 1810 567 homi-

428 607 569 648 nem
618 588 867 666 populus
901 603 1142 644 revocat
1161 629 1181 658 ,
1233 585 1299 644 δε
1333 586 1653 646 retrahatur
1691 607 1812 647 ne-

426 665 577 729 cess‘e
623 665 745 739 est3
790 687 911 728 non
952 669 1111 725 enim
1153 664 1345 727 ferunt
1387 667 1696 726 homines:
1743 668 1812 728 δι

512 749 579 819 ia,
606 793 627 822 ‚
689 768 867 829 quum
926 747 1082 826 apud
1139 745 1271 807 suos
1327 746 1548 809 diceret
1575 793 1596 820 ‚
1645 767 1810 828 pene

428 769 737 890 ggmnatus
777 826 859 889 est
879 873 899 902 ‚
928 829 1134 887 vident
1173 827 1525 888 damnatum.
1563 827 1649 886 Ea
1683 827 1810 908 ipsa

428 909 491 970 in
547 930 610 970 re
661 908 929 990 Pompeii
981 905 1233 970 offensio
1302 910 1472 970 nobis
1534 905 1759 970 obstitit
1793 929 1814 969 t

436 990 765 1052 senatorum
810 991 968 1050 enim
1021 1008 1164 1048 urna
1209 989 1449 1068 copiose
1501 989 1754 1051 absolvit
1783 1034 1810 1065 ,

436 1075 703 1153 equitum
752 1071 1075 1152 adaequavit
1111 1115 1132 1142 ‚
1185 1069 1621 1134 tribuni.aerarii
1657 1091 1810 1131 con·-

435 1153 807 1213 demnarunt.
858 1151 976 1212 Sed
1017 1151 1131 1210 hoc
1170 1151 1617 1210 incommodum
1661 1172 1810 1212 con·-

432 1232 685 1294 solantur
720 1231 1069 1313 quotidianae
1105 1229 1502 1292 damnationes
1534 1233 1808 1293 inimico-

396 1305 409 1318 ⁹
433 1335 567 1374 rum
590 1359 609 1388 ,
662 1316 723 1372 in
776 1313 983 1394 quibus
1035 1331 1130 1372 me
1187 1311 1525 1392 perlubente
1573 1312 1808 1374 Servius

434 1394 623 1455 allisus
659 1392 743 1456 est
782 1439 802 1467 ‚
850 1394 1028 1454 ceteri
1069 1393 1470 1453 conciduntur.
1523 1391 1603 1455 C.
1654 1391 1808 1456 Cato

436 1478 817 1536 concionatus
858 1471 939 1535 est
982 1474 1220 1534 comitia
1258 1474 1454 1535 haberi
1495 1495 1623 1534 non
1659 1477 1806 1536 situ-

366 1551 371 1555 ’
436 1577 567 1617 rum
606 1601 626 1631 ‚
688 1559 736 1616 si
794 1554 903 1614 sibi
945 1575 1080 1615 cum
1137 1555 1360 1635 populo
1411 1556 1536 1614 dies
1597 1557 1808 1638 agendi

436 1635 621 1700 essent
666 1639 945 1716 exempti.
1013 1633 1242 1715 Appius
1295 1657 1329 1694 a
1381 1633 1614 1696 Caesare
1655 1657 1809 1698 non-

440 1718 584 1777 dum
626 1716 892 1778 redierat.
943 1714 1104 1775 Tuas
1152 1713 1388 1776 mirifice
1432 1717 1655 1778 litteras
1698 1738 1808 1778 ex-

437 1797 475 1857 s
506 1797 633 1858 εᾶο
666 1817 686 1870 ;
736 1816 908 1877 atque
958 1796 1145 1876 adhuc
1193 1795 1443 1856 clausum
1485 1817 1650 1859 mare
1696 1798 1808 1860 scio

437 1819 603 1939 fluisse
630 1899 647 1939 t
681 1876 782 1939 sed
818 1876 1098 1959 quosdam
1134 1876 1352 1939 veniss'e
1385 1894 1590 1939 tamen
1629 1878 1806 1941 Olbia

436 1956 749 2034 dicebant,
792 1961 893 2039 qui
940 1976 999 2020 te
1041 1958 1210 2018 unice
1243 1959 1590 2035 laudarent,
1625 1962 1803 2041 pluri-

436 2043 637 2121 mique
683 2043 745 2101 in
787 2040 1086 2120 provincia
1128 2036 1252 2099 fieri
1293 2040 1576 2104 dicerent.
1627 2042 1805 2102 Iidem

436 2122 670 2183 aiebant
735 2124 999 2182 nuntiare
1061 2138 1122 2181 te
1185 2121 1372 2201 prima
1427 2123 1804 2204 navigatione

438 2200 923 2273 transmiss'urum3
962 2201 1026 2261 id
1071 2204 1240 2282 cupio
1275 2222 1290 2261 ε
1344 2202 1409 2261 &
1451 2222 1802 2285 quamquam

440 2281 687 2362 teipsum
735 2282 948 2342 scilicet
1003 2282 1253 2343 maxime
1291 2326 1312 2357 ‚
1370 2299 1603 2343 tamen.
1632 2289 1799 2346 etiam
1840 2310 1846 2315 ·

441 2362 657 2425 litteras
676 2382 801 2427 tuas
818 2362 955 2427 ante
978 2360 1270 2445 exspecto.
1307 2361 1398 2425 Mi
1415 2362 1593 2427 frater
1613 2408 1636 2442 ,
1660 2366 1806 2430 vale.
