1998 3814
455 344 623 418 216'
746 342 1506 411 EPISTOLARUM
1573 370 1577 377 ·

455 458 617 541 quod
668 459 726 517 in
764 455 869 515 his’
890 452 1082 515 castris
1125 453 1396 512 morabar
1417 497 1439 524 ,
1499 453 1559 511 in
1607 470 1834 535 magno

459 536 654 599 officio
688 562 718 611 ·‚
783 537 847 595 δι
908 530 1222 595 neceffario
1280 533 1420 591 mihi
1523 534 1836 593 onendum

456 620 676 700 putavi.
721 614 930 695 Quum
975 617 1134 674 enim
1169 611 1358 674 vestra
1393 554 1706 673 augoritas
1739 616 1835 673 in·-

455 695 795 759 tercessiss'et
815 742 836 771 ‚
862 712 930 756 ut
956 714 1076 777 ego
1103 712 1301 779 regem
1333 692 1829 767 Ariobarzanem,

456 782 513 841 E
517 781 705 857 aseben
730 822 748 847 ,
780 775 844 837 ὃ(
870 778 1290 837 Philoromoeum
1317 793 1510 835 tuerer
1527 818 1548 846 ‚
1587 771 1850 855 ejusque·

454 862 605 941 regis
644 858 883 920 salutem
910 902 931 931 ,
972 856 1438 917 incolumitatem
1469 898 1490 928 ‚
1545 874 1830 937 regnum·

456 960 569 1019 que
614 937 993 999 defenderem
1027 965 1049 1011 ·‚
1106 938 1276 1017 regi,
1321 954 1624 1016 regnoque
1677 956 1828 1015 prae·

456 1020 603 1083 sidio
630 1018 841 1092 effem3
869 1014 1362 1097 adjlmxissetisque
1379 1061 1398 1089 ,
1423 1012 1666 1075 salutem
1699 1013 1825 1095 ejus

456 1121 518 1161 re
558 1104 607 1161 is
641 1144 662 1175 ,
711 1098 937 1180 populo
992 1097 1328 1178 senatuique
1381 1112 1613 1177 magnae
1671 1116 1824 1155 curae

454 1200 489 1243 e
537 1202 567 1241 e
610 1226 631 1253 ,
689 1179 850 1261 quod
892 1178 1052 1239 nullo
1093 1196 1370 1258 umquam
1411 1176 1488 1235 de
1523 1194 1666 1257 rege
1709 1178 1824 1237 de·-

455 1278 675 1323 cretum
706 1259 844 1320 esset
884 1282 919 1319 a
949 1256 1147 1318 nostro·
1183 1258 1424 1329 ordine;
1463 1254 1822 1331 existimavi,

452 1360 549 1401 me
592 1339 867 1419 judicium
918 1337 1168 1399 vestrum
1215 1338 1291 1397 ad
1335 1355 1534 1419 regem
1587 1336 1822 1398 deferre

455 1421 671 1483 debere
718 1450 741 1493 3
798 1423 969 1501 eique
1035 1419 1361 1500 praesidium
1421 1436 1622 1477 meum
1665 1463 1689 1492 ‚
1755 1419 1824 1479 &

452 1498 631 1564 fidem
668 1544 693 1574 ,
760 1502 827 1563 &
862 1502 1248 1581 --diligentiam
1307 1498 1572 1578 polliceri
1609 1517 1629 1571 ;
1694 1516 1760 1558 ut
1800 1545 1821 1574 ‚

454 1583 687 1664 quando
720 1584 863 1642 salus
893 1583 1078 1661 ipsius
1101 1626 1120 1652 ‚
1158 1580 1224 1641 &
1255 1578 1620 1653 incolumitas
1651 1585 1821 1660 regni

455 1664 597 1725 mahi
636 1662 1044 1723 commendata
1075 1659 1215 1721 esset
1249 1682 1284 1719 a
1311 1659 1482 1719 vobis
1502 1702 1524 1729 ,
1564 1658 1818 1737 diceret,

365 1780 373 1787 -
454 1746 502 1803 ‘si
542 1742 681 1824 quid
718 1742 915 1803 vellet.
948 1740 1118 1820 Quae
1195 1760 1337 1803 uum
1367 1738 1543 1801 effen:
1575 1742 1642 1798 in
1673 1741 1820 1800 icon-

454 1824 583 1883 silio
628 1842 765 1883 meo
810 1842 947 1884 cum
990 1839 1130 1903 rege
1242 1830 1458 1891 cutus'3
1507 1822 1674 1882 initio
1719 1822 1816 1882 ille

449 1907 724 1969 orationis
765 1902 877 1966 suae
912 1906 1086 1965 vobis
1125 1905 1440 1974 maximas,
1471 1918 1536 1962 ut
1571 1900 1814 1976 debuit,

452 1983 669 2048 deinde
702 1988 875 2046 etiam
906 1985 1063 2046 ‚mihi
1082 1985 1308 2065 *gratias
1346 1985 1465 2064 egit
1492 2001 1516 2055 ;
1549 1983 1722 2063 quod
1759 1987 1816 2044 ei

449 2085 827 2148 permagnum
859 2066 923 2124 &
954 2063 1444 2144 perhonorificum
1468 2062 1816 2138 videbatur,

448 2145 708 2220 senatui-‚
755 2146 1098 2228 populoque
1139 2143 1410 2204 Romano
1449 2159 1626 2204 tantae
1663 2164 1818 2205 curae

448 2225 561 2289 effe
606 2225 837 2288 salutem
888 2226 1042 2286 suam
1075 2246 1096 2298 ;
1147 2245 1358 2306 meque
1411 2239 1631 2283 tantam
1681 2225 1818 2285 dili·

397 2381 405 2388 .
448 2309 701 2388 gentiam
752 2307 1026 2367 adhibere
1062 2349 1083 2378 ‚
1121 2324 1186 2366 ut
1231 2306 1296 2366 &
1339 2323 1472 2365 mea
1515 2303 1670 2364 fides
1693 2350 1714 2376 ‚
1751 2307 1814 2366 &

446 2388 967 2448 commendationis
1003 2385 1207 2448 vestra!
1238 2383 1538 2446 anamim
1565 2385 1814 2465 perspici

444 2465 649 2548 posset.
684 2470 883 2546 Atque
912 2469 1009 2529 ille
1049 2469 1238 2546 primo
1261 2510 1282 2539 ‚
1317 2465 1476 2546 quod
1505 2465 1651 2524 mihi
1685 2485 1814 2525 ma-

445 2550 615 2610 ximae
650 2545 862 2608 laetitiae
888 2547 997 2608 fu'it
1019 2593 1039 2618 ,
1069 2550 1145 2607 ita
1176 2567 1404 2607 mecum
1437 2547 1662 2606 locutus
1693 2545 1812 2621 est,

446 2647 511 2693 ut
546 2629 726 2694 nullas
766 2629 999 2688 insidias
1033 2649 1223 2710 neque
1261 2628 1396 2686 vitae
1427 2625 1542 2685 suae
1568 2671 1589 2700 ‚
1617 2643 1812 2707 neque

444 2729 629 2791 regno
672 2711 891 2770 diceret
930 2707 985 2769 se
1025 2729 1124 2768 aut
1158 2708 1477 2788 intelligere
1514 2704 1679 2780 fleri,
1713 2723 1810 2766 aut

424 2793 621 2852 etiam
667 2789 951 2868 suspicaria
992 2787 1204 2867 Quum
1243 2807 1356 2870 ego
1397 2790 1452 2848 ei
1469 2787 1808 2926 ssgratulatus·

446 2868 671 2954 estem,
704 2872 879 2952 idque
913 2889 1012 2932 >me
1060 2868 1310 2952 gaudete
1349 2869 1468 2946 dixi
1497 2887 1649 3010 lem,
1695 2889 1808 2942 cog·

1539 2966 1759 3010 ortatus
1781 2989 1800 3021 ‚
