<?xml version="1.0" encoding="UTF-8"?>
<!DOCTYPE html PUBLIC "-//W3C//DTD XHTML 1.0 Transitional//EN"
    "http://www.w3.org/TR/xhtml1/DTD/xhtml1-transitional.dtd">
<html xmlns="http://www.w3.org/1999/xhtml" xml:lang="en" lang="en">
 <head>
  <title>
</title>
<meta http-equiv="Content-Type" content="text/html;charset=utf-8" />
  <meta name='ocr-system' content='tesseract 3.04.00' />
  <meta name='ocr-capabilities' content='ocr_page ocr_carea ocr_par ocr_line ocrx_word'/>
</head>
<body>
  <div class='ocr_page' id='page_1' title='image "./mtulliiciceroni03ernegoog_0028.png"; bbox 0 0 1998 3814; ppageno 0'>
   <div class='ocr_carea' id='block_1_1' title="bbox 459 314 1523 387">
    <p class='ocr_par' dir='ltr' id='par_1_1' title="bbox 459 314 1523 387">
     <span class='ocr_line' id='line_1_1' title="bbox 459 314 1523 387; baseline 0 0"><span class='ocrx_word' id='word_1_1' title='bbox 459 314 566 387; x_wconf 70' lang='lat'>‘18</span> <span class='ocrx_word' id='word_1_2' title='bbox 763 316 1523 387; x_wconf 74' lang='lat' dir='ltr'><em>EPISTOLARUM</em></span> 
     </span>
    </p>
   </div>
   <div class='ocr_carea' id='block_1_2' title="bbox 440 428 1899 2782">
    <p class='ocr_par' dir='ltr' id='par_1_2' title="bbox 440 428 1899 2782">
     <span class='ocr_line' id='line_1_2' title="bbox 460 428 1899 512; baseline 0.003 -23"><span class='ocrx_word' id='word_1_3' title='bbox 460 428 546 489; x_wconf 86' lang='lat' dir='ltr'>las</span> <span class='ocrx_word' id='word_1_4' title='bbox 563 473 583 505; x_wconf 90' lang='lat'><strong>,</strong></span> <span class='ocrx_word' id='word_1_5' title='bbox 613 450 789 491; x_wconf 84' lang='lat' dir='ltr'>unam</span> <span class='ocrx_word' id='word_1_6' title='bbox 815 431 1059 495; x_wconf 84' lang='lat' dir='ltr'>brevem</span> <span class='ocrx_word' id='word_1_7' title='bbox 1078 476 1102 506; x_wconf 90' lang='lat'>‚</span> <span class='ocrx_word' id='word_1_8' title='bbox 1132 450 1305 512; x_wconf 84' lang='lat' dir='ltr'><strong>quam</strong></span> <span class='ocrx_word' id='word_1_9' title='bbox 1337 431 1549 495; x_wconf 88' lang='lat' dir='ltr'>Flacco</span> <span class='ocrx_word' id='word_1_10' title='bbox 1585 432 1899 497; x_wconf 75' lang='lat' dir='ltr'>Volum-</span> 
     </span>
     <span class='ocr_line' id='line_1_3' title="bbox 461 510 1883 597; baseline 0.004 -28"><span class='ocrx_word' id='word_1_11' title='bbox 461 513 561 571; x_wconf 80' lang='lat' dir='ltr'>nio</span> <span class='ocrx_word' id='word_1_12' title='bbox 625 511 867 573; x_wconf 83' lang='lat' dir='ltr'>dederas</span> <span class='ocrx_word' id='word_1_13' title='bbox 908 557 928 589; x_wconf 90' lang='lat'><strong>,</strong></span> <span class='ocrx_word' id='word_1_14' title='bbox 981 510 1123 573; x_wconf 87' lang='lat' dir='ltr'>duas</span> <span class='ocrx_word' id='word_1_15' title='bbox 1186 512 1527 593; x_wconf 75' lang='lat' dir='ltr'>pleniores3</span> <span class='ocrx_word' id='word_1_16' title='bbox 1585 534 1883 597; x_wconf 81' lang='lat' dir='ltr'><strong>quarum</strong></span> 
     </span>
     <span class='ocr_line' id='line_1_4' title="bbox 461 590 1887 668; baseline 0.004 -17"><span class='ocrx_word' id='word_1_17' title='bbox 461 590 704 652; x_wconf 81' lang='lat' dir='ltr'>alteram</span> <span class='ocrx_word' id='word_1_18' title='bbox 731 593 1061 655; x_wconf 78' lang='lat' dir='ltr'>tabellarius</span> <span class='ocrx_word' id='word_1_19' title='bbox 1091 592 1169 654; x_wconf 89' lang='lat' dir='ltr'>T.</span> <span class='ocrx_word' id='word_1_20' title='bbox 1203 592 1367 655; x_wconf 82' lang='lat' dir='ltr'>Vibii</span> <span class='ocrx_word' id='word_1_21' title='bbox 1402 594 1591 657; x_wconf 79' lang='lat' dir='ltr'>attulit</span> <span class='ocrx_word' id='word_1_22' title='bbox 1615 640 1639 668; x_wconf 91' lang='lat'>‚</span> <span class='ocrx_word' id='word_1_23' title='bbox 1690 597 1887 657; x_wconf 78' lang='lat' dir='ltr'>alte-</span> 
     </span>
     <span class='ocr_line' id='line_1_5' title="bbox 463 673 1875 755; baseline 0.003 -24"><span class='ocrx_word' id='word_1_24' title='bbox 463 692 588 732; x_wconf 80' lang='lat' dir='ltr'>ram</span> <span class='ocrx_word' id='word_1_25' title='bbox 619 674 695 733; x_wconf 84' lang='lat' dir='ltr'>ad</span> <span class='ocrx_word' id='word_1_26' title='bbox 733 695 832 735; x_wconf 87' lang='lat' dir='ltr'>me</span> <span class='ocrx_word' id='word_1_27' title='bbox 867 676 1025 741; x_wconf 83' lang='lat' dir='ltr'><strong>misit</strong></span> <span class='ocrx_word' id='word_1_28' title='bbox 1054 673 1269 755; x_wconf 70' lang='lat' dir='ltr'>LupuS.</span> <span class='ocrx_word' id='word_1_29' title='bbox 1310 674 1397 737; x_wconf 86' lang='lat' dir='ltr'>Ex</span> <span class='ocrx_word' id='word_1_30' title='bbox 1437 679 1551 739; x_wconf 82' lang='lat' dir='ltr'>tuis</span> <span class='ocrx_word' id='word_1_31' title='bbox 1587 675 1811 737; x_wconf 82' lang='lat' dir='ltr'>litteris</span> <span class='ocrx_word' id='word_1_32' title='bbox 1842 722 1875 748; x_wconf 89' lang='lat'>‚</span> 
     </span>
     <span class='ocr_line' id='line_1_6' title="bbox 461 752 1873 831; baseline 0.001 -17"><span class='ocrx_word' id='word_1_33' title='bbox 461 752 526 814; x_wconf 73' lang='grc'>8(</span> <span class='ocrx_word' id='word_1_34' title='bbox 561 774 636 813; x_wconf 82' lang='lat' dir='ltr'>ex</span> <span class='ocrx_word' id='word_1_35' title='bbox 679 752 934 815; x_wconf 84' lang='lat' dir='ltr'>Graeceii</span> <span class='ocrx_word' id='word_1_36' title='bbox 965 758 1233 816; x_wconf 77' lang='lat' dir='ltr'>oratione</span> <span class='ocrx_word' id='word_1_37' title='bbox 1254 801 1273 831; x_wconf 95' lang='lat'>‚</span> <span class='ocrx_word' id='word_1_38' title='bbox 1318 776 1439 818; x_wconf 86' lang='lat' dir='ltr'>non</span> <span class='ocrx_word' id='word_1_39' title='bbox 1486 756 1677 817; x_wconf 66' lang='lat' dir='ltr'>modi&gt;</span> <span class='ocrx_word' id='word_1_40' title='bbox 1720 778 1873 819; x_wconf 84' lang='lat' dir='ltr'>non</span> 
     </span>
     <span class='ocr_line' id='line_1_7' title="bbox 459 832 1873 911; baseline 0.003 -18"><span class='ocrx_word' id='word_1_41' title='bbox 459 832 784 896; x_wconf 67' lang='lat' dir='ltr'>restinstum</span> <span class='ocrx_word' id='word_1_42' title='bbox 823 836 1045 897; x_wconf 85' lang='lat' dir='ltr'>bellum</span> <span class='ocrx_word' id='word_1_43' title='bbox 1076 880 1096 911; x_wconf 90' lang='lat'>‚</span> <span class='ocrx_word' id='word_1_44' title='bbox 1150 834 1251 897; x_wconf 81' lang='lat' dir='ltr'>sed</span> <span class='ocrx_word' id='word_1_45' title='bbox 1291 841 1465 899; x_wconf 77' lang='lat' dir='ltr'>etiam</span> <span class='ocrx_word' id='word_1_46' title='bbox 1505 839 1873 899; x_wconf 84' lang='lat' dir='ltr'>inflamma-</span> 
     </span>
     <span class='ocr_line' id='line_1_8' title="bbox 464 916 1875 998; baseline 0.005 -25"><span class='ocrx_word' id='word_1_47' title='bbox 464 930 592 977; x_wconf 78' lang='lat' dir='ltr'>tum</span> <span class='ocrx_word' id='word_1_48' title='bbox 629 916 880 979; x_wconf 79' lang='lat' dir='ltr'>videtur.</span> <span class='ocrx_word' id='word_1_49' title='bbox 935 916 1076 977; x_wconf 86' lang='lat' dir='ltr'>Non</span> <span class='ocrx_word' id='word_1_50' title='bbox 1113 916 1317 978; x_wconf 87' lang='lat' dir='ltr'>dubito</span> <span class='ocrx_word' id='word_1_51' title='bbox 1359 936 1553 980; x_wconf 82' lang='lat' dir='ltr'>autem</span> <span class='ocrx_word' id='word_1_52' title='bbox 1588 939 1700 998; x_wconf 73' lang='lat' dir='ltr'>pro</span> <span class='ocrx_word' id='word_1_53' title='bbox 1746 938 1875 980; x_wconf 75' lang='lat' dir='ltr'>tua</span> 
     </span>
     <span class='ocr_line' id='line_1_9' title="bbox 463 996 1869 1081; baseline 0.004 -26"><span class='ocrx_word' id='word_1_54' title='bbox 463 996 734 1078; x_wconf 82' lang='lat' dir='ltr'>singulari</span> <span class='ocrx_word' id='word_1_55' title='bbox 787 998 1136 1078; x_wconf 79' lang='lat' dir='ltr'>prudentia,</span> <span class='ocrx_word' id='word_1_56' title='bbox 1192 1002 1335 1079; x_wconf 83' lang='lat' dir='ltr'>quin</span> <span class='ocrx_word' id='word_1_57' title='bbox 1382 998 1693 1081; x_wconf 77' lang='lat' dir='ltr'>perspicias</span> <span class='ocrx_word' id='word_1_58' title='bbox 1721 1042 1745 1072; x_wconf 89' lang='lat'>‚</span> <span class='ocrx_word' id='word_1_59' title='bbox 1798 1003 1869 1061; x_wconf 81' lang='lat' dir='ltr'>si</span> 
     </span>
     <span class='ocr_line' id='line_1_10' title="bbox 461 1076 1861 1157; baseline 0.003 -22"><span class='ocrx_word' id='word_1_60' title='bbox 461 1076 678 1157; x_wconf 80' lang='lat' dir='ltr'>aliquid</span> <span class='ocrx_word' id='word_1_61' title='bbox 737 1076 1019 1141; x_wconf 72' lang='lat' dir='ltr'>firmitatis</span> <span class='ocrx_word' id='word_1_62' title='bbox 1076 1078 1278 1141; x_wconf 60' lang='lat' dir='ltr'>nacius</span> <span class='ocrx_word' id='word_1_63' title='bbox 1328 1082 1415 1142; x_wconf 78' lang='lat' dir='ltr'>sit·</span> <span class='ocrx_word' id='word_1_64' title='bbox 1470 1078 1774 1141; x_wconf 76' lang='lat' dir='ltr'>Antonius</span> <span class='ocrx_word' id='word_1_65' title='bbox 1828 1122 1861 1154; x_wconf 86' lang='lat'><strong>,</strong></span> 
     </span>
     <span class='ocr_line' id='line_1_11' title="bbox 463 1160 1859 1241; baseline 0.003 -24"><span class='ocrx_word' id='word_1_66' title='bbox 463 1160 662 1218; x_wconf 80' lang='lat' dir='ltr'>omnia</span> <span class='ocrx_word' id='word_1_67' title='bbox 697 1175 796 1219; x_wconf 82' lang='lat' dir='ltr'>tua</span> <span class='ocrx_word' id='word_1_68' title='bbox 835 1160 933 1223; x_wconf 81' lang='lat' dir='ltr'>illa</span> <span class='ocrx_word' id='word_1_69' title='bbox 977 1162 1248 1240; x_wconf 66' lang='lat' dir='ltr'>preclara</span> <span class='ocrx_word' id='word_1_70' title='bbox 1302 1163 1363 1221; x_wconf 88' lang='lat' dir='ltr'>in</span> <span class='ocrx_word' id='word_1_71' title='bbox 1416 1160 1859 1241; x_wconf 72' lang='lat' dir='ltr'><strong>rempublicam</strong></span> 
     </span>
     <span class='ocr_line' id='line_1_12' title="bbox 463 1238 1861 1313; baseline 0.003 -14"><span class='ocrx_word' id='word_1_72' title='bbox 463 1241 670 1299; x_wconf 76' lang='lat' dir='ltr'>merita</span> <span class='ocrx_word' id='word_1_73' title='bbox 710 1283 730 1313; x_wconf 87' lang='lat'>‚</span> <span class='ocrx_word' id='word_1_74' title='bbox 779 1240 854 1300; x_wconf 80' lang='lat' dir='ltr'>ad</span> <span class='ocrx_word' id='word_1_75' title='bbox 915 1240 1161 1303; x_wconf 77' lang='lat' dir='ltr'>nihilum</span> <span class='ocrx_word' id='word_1_76' title='bbox 1226 1238 1343 1303; x_wconf 82' lang='lat' dir='ltr'>effe</span> <span class='ocrx_word' id='word_1_77' title='bbox 1410 1260 1677 1307; x_wconf 63' lang='lat' dir='ltr'>ventum.</span> <span class='ocrx_word' id='word_1_78' title='bbox 1732 1239 1861 1303; x_wconf 71' lang='lat' dir='ltr'>‘Ita</span> 
     </span>
     <span class='ocr_line' id='line_1_13' title="bbox 467 1317 1859 1403; baseline 0.001 -22"><span class='ocrx_word' id='word_1_79' title='bbox 467 1321 626 1381; x_wconf 77' lang='lat' dir='ltr'>enim</span> <span class='ocrx_word' id='word_1_80' title='bbox 659 1317 917 1381; x_wconf 82' lang='lat' dir='ltr'>Romam</span> <span class='ocrx_word' id='word_1_81' title='bbox 948 1339 1073 1383; x_wconf 75' lang='lat' dir='ltr'>erat</span> <span class='ocrx_word' id='word_1_82' title='bbox 1104 1326 1427 1383; x_wconf 75' lang='lat' dir='ltr'>nuntiatum</span> <span class='ocrx_word' id='word_1_83' title='bbox 1448 1368 1469 1395; x_wconf 86' lang='lat'>‚</span> <span class='ocrx_word' id='word_1_84' title='bbox 1500 1325 1579 1383; x_wconf 77' lang='lat' dir='ltr'>ita</span> <span class='ocrx_word' id='word_1_85' title='bbox 1606 1320 1859 1403; x_wconf 80' lang='lat' dir='ltr'>persua-</span> 
     </span>
     <span class='ocr_line' id='line_1_14' title="bbox 467 1396 1853 1483; baseline 0.002 -24"><span class='ocrx_word' id='word_1_86' title='bbox 467 1396 594 1459; x_wconf 77' lang='lat' dir='ltr'>sum</span> <span class='ocrx_word' id='word_1_87' title='bbox 627 1402 898 1462; x_wconf 84' lang='lat' dir='ltr'>omnibus</span> <span class='ocrx_word' id='word_1_88' title='bbox 921 1448 941 1477; x_wconf 87' lang='lat'><strong>,</strong></span> <span class='ocrx_word' id='word_1_89' title='bbox 979 1422 1114 1463; x_wconf 83' lang='lat' dir='ltr'>cum</span> <span class='ocrx_word' id='word_1_90' title='bbox 1152 1404 1349 1483; x_wconf 75' lang='lat' dir='ltr'>paucis</span> <span class='ocrx_word' id='word_1_91' title='bbox 1386 1405 1625 1463; x_wconf 82' lang='lat' dir='ltr'>inermis</span> <span class='ocrx_word' id='word_1_92' title='bbox 1646 1446 1667 1475; x_wconf 91' lang='lat'><strong>‚</strong></span> <span class='ocrx_word' id='word_1_93' title='bbox 1698 1422 1853 1483; x_wconf 83' lang='lat' dir='ltr'>per·</span> 
     </span>
     <span class='ocr_line' id='line_1_15' title="bbox 464 1481 1851 1567; baseline 0.001 -26"><span class='ocrx_word' id='word_1_94' title='bbox 464 1482 674 1541; x_wconf 77' lang='lat' dir='ltr'>territis</span> <span class='ocrx_word' id='word_1_95' title='bbox 711 1500 908 1557; x_wconf 78' lang='lat' dir='ltr'>metu,</span> <span class='ocrx_word' id='word_1_96' title='bbox 943 1481 1125 1545; x_wconf 63' lang='lat' dir='ltr'>stacio</span> <span class='ocrx_word' id='word_1_97' title='bbox 1158 1488 1359 1545; x_wconf 83' lang='lat' dir='ltr'>animo</span> <span class='ocrx_word' id='word_1_98' title='bbox 1397 1481 1599 1567; x_wconf 71' lang='lat' dir='ltr'>fugisse</span> <span class='ocrx_word' id='word_1_99' title='bbox 1638 1482 1851 1543; x_wconf 86' lang='lat' dir='ltr'>Anto-</span> 
     </span>
     <span class='ocr_line' id='line_1_16' title="bbox 462 1561 1849 1646; baseline 0.001 -25"><span class='ocrx_word' id='word_1_100' title='bbox 462 1562 647 1622; x_wconf 81' lang='lat' dir='ltr'>nium.</span> <span class='ocrx_word' id='word_1_101' title='bbox 705 1561 837 1640; x_wconf 83' lang='lat' dir='ltr'>Qui</span> <span class='ocrx_word' id='word_1_102' title='bbox 879 1566 929 1623; x_wconf 88' lang='lat' dir='ltr'>si</span> <span class='ocrx_word' id='word_1_103' title='bbox 966 1566 1049 1623; x_wconf 82' lang='lat' dir='ltr'>ita</span> <span class='ocrx_word' id='word_1_104' title='bbox 1091 1563 1151 1627; x_wconf 86' lang='lat' dir='ltr'>se</span> <span class='ocrx_word' id='word_1_105' title='bbox 1190 1565 1369 1627; x_wconf 83' lang='lat' dir='ltr'>habet</span> <span class='ocrx_word' id='word_1_106' title='bbox 1394 1611 1415 1639; x_wconf 84' lang='lat'>,</span> <span class='ocrx_word' id='word_1_107' title='bbox 1458 1580 1527 1625; x_wconf 83' lang='lat' dir='ltr'>ut</span> <span class='ocrx_word' id='word_1_108' title='bbox 1556 1610 1579 1639; x_wconf 87' lang='lat'>‚</span> <span class='ocrx_word' id='word_1_109' title='bbox 1624 1583 1849 1646; x_wconf 88' lang='lat' dir='ltr'>quem-</span> 
     </span>
     <span class='ocr_line' id='line_1_17' title="bbox 464 1642 1841 1727; baseline 0.002 -25"><span class='ocrx_word' id='word_1_110' title='bbox 464 1642 801 1703; x_wconf 81' lang='lat' dir='ltr'><strong>admodum·</strong></span> <span class='ocrx_word' id='word_1_111' title='bbox 822 1645 1131 1705; x_wconf 82' lang='lat' dir='ltr'>audiebam</span> <span class='ocrx_word' id='word_1_112' title='bbox 1160 1645 1235 1707; x_wconf 78' lang='lat' dir='ltr'>de</span> <span class='ocrx_word' id='word_1_113' title='bbox 1264 1644 1570 1717; x_wconf 64' lang='lat' dir='ltr'>Cri-aceio,</span> <span class='ocrx_word' id='word_1_114' title='bbox 1597 1646 1841 1727; x_wconf 80' lang='lat' dir='ltr'>confligi</span> 
     </span>
     <span class='ocr_line' id='line_1_18' title="bbox 461 1726 1845 1807; baseline 0.004 -26"><span class='ocrx_word' id='word_1_115' title='bbox 461 1740 602 1783; x_wconf 68' lang='lat' dir='ltr'>cum</span> <span class='ocrx_word' id='word_1_116' title='bbox 644 1743 722 1783; x_wconf 88' lang='lat' dir='ltr'>eo</span> <span class='ocrx_word' id='word_1_117' title='bbox 759 1727 886 1786; x_wconf 86' lang='lat' dir='ltr'>sine</span> <span class='ocrx_word' id='word_1_118' title='bbox 929 1726 1193 1803; x_wconf 84' lang='lat' dir='ltr'>periculo</span> <span class='ocrx_word' id='word_1_119' title='bbox 1243 1739 1367 1789; x_wconf 77' lang='lat' dir='ltr'>non</span> <span class='ocrx_word' id='word_1_120' title='bbox 1422 1729 1607 1807; x_wconf 81' lang='lat' dir='ltr'>possit</span> <span class='ocrx_word' id='word_1_121' title='bbox 1640 1770 1659 1800; x_wconf 95' lang='lat'>‚</span> <span class='ocrx_word' id='word_1_122' title='bbox 1706 1747 1845 1787; x_wconf 79' lang='lat' dir='ltr'>non</span> 
     </span>
     <span class='ocr_line' id='line_1_19' title="bbox 462 1803 1849 1891; baseline 0.007 -30"><span class='ocrx_word' id='word_1_123' title='bbox 462 1803 562 1865; x_wconf 83' lang='lat' dir='ltr'>ille</span> <span class='ocrx_word' id='word_1_124' title='bbox 604 1804 745 1868; x_wconf 86' lang='lat' dir='ltr'>mihi</span> <span class='ocrx_word' id='word_1_125' title='bbox 785 1804 986 1891; x_wconf 80' lang='lat' dir='ltr'>fugiffe</span> <span class='ocrx_word' id='word_1_126' title='bbox 1039 1830 1077 1872; x_wconf 84' lang='lat' dir='ltr'>a</span> <span class='ocrx_word' id='word_1_127' title='bbox 1122 1806 1361 1874; x_wconf 71' lang='lat' dir='ltr'>Mutina.</span> <span class='ocrx_word' id='word_1_128' title='bbox 1396 1807 1632 1873; x_wconf 68' lang='lat' dir='ltr'>videtur</span> <span class='ocrx_word' id='word_1_129' title='bbox 1658 1850 1681 1882; x_wconf 89' lang='lat'>,</span> <span class='ocrx_word' id='word_1_130' title='bbox 1731 1806 1849 1871; x_wconf 64' lang='lat' dir='ltr'>fec}</span> 
     </span>
     <span class='ocr_line' id='line_1_20' title="bbox 462 1886 1841 1970; baseline 0 -20"><span class='ocrx_word' id='word_1_131' title='bbox 462 1888 686 1967; x_wconf 66' lang='lat' dir='ltr'>locum⁸</span> <span class='ocrx_word' id='word_1_132' title='bbox 709 1890 848 1950; x_wconf 80' lang='lat' dir='ltr'>belli</span> <span class='ocrx_word' id='word_1_133' title='bbox 927 1888 1130 1952; x_wconf 81' lang='lat' dir='ltr'>erendi</span> <span class='ocrx_word' id='word_1_134' title='bbox 1177 1887 1436 1952; x_wconf 76' lang='lat' dir='ltr'>mutasse.</span> <span class='ocrx_word' id='word_1_135' title='bbox 1475 1886 1677 1970; x_wconf 70' lang='lat' dir='ltr'>Itaque</span> <span class='ocrx_word' id='word_1_136' title='bbox 1711 1886 1841 1950; x_wconf 76' lang='lat' dir='ltr'>ho-</span> 
     </span>
     <span class='ocr_line' id='line_1_21' title="bbox 465 1909 1839 2051; baseline 0 -19"><span class='ocrx_word' id='word_1_137' title='bbox 465 1973 654 2032; x_wconf 82' lang='lat' dir='ltr'>mines</span> <span class='ocrx_word' id='word_1_138' title='bbox 695 1972 791 2032; x_wconf 79' lang='lat' dir='ltr'>alii</span> <span class='ocrx_word' id='word_1_139' title='bbox 825 1909 956 2032; x_wconf 54' lang='lat' dir='ltr'>fag-i</span> <span class='ocrx_word' id='word_1_140' title='bbox 983 1969 1134 2034; x_wconf 85' lang='lat' dir='ltr'>sunt.</span> <span class='ocrx_word' id='word_1_141' title='bbox 1174 1969 1460 2035; x_wconf 84' lang='lat' dir='ltr'>Nonnulli</span> <span class='ocrx_word' id='word_1_142' title='bbox 1492 1973 1667 2032; x_wconf 81' lang='lat' dir='ltr'>etiam</span> <span class='ocrx_word' id='word_1_143' title='bbox 1686 1989 1839 2051; x_wconf 85' lang='lat' dir='ltr'>que-</span> 
     </span>
     <span class='ocr_line' id='line_1_22' title="bbox 467 2052 1837 2135; baseline 0.004 -24"><span class='ocrx_word' id='word_1_144' title='bbox 467 2069 702 2124; x_wconf 81' lang='lat' dir='ltr'>runtur,</span> <span class='ocrx_word' id='word_1_145' title='bbox 735 2052 896 2135; x_wconf 75' lang='lat' dir='ltr'>qubd</span> <span class='ocrx_word' id='word_1_146' title='bbox 927 2052 1211 2132; x_wconf 82' lang='lat' dir='ltr'>persecuti</span> <span class='ocrx_word' id='word_1_147' title='bbox 1238 2074 1363 2114; x_wconf 85' lang='lat' dir='ltr'>non</span> <span class='ocrx_word' id='word_1_148' title='bbox 1394 2053 1546 2112; x_wconf 81' lang='lat' dir='ltr'>sitis:</span> <span class='ocrx_word' id='word_1_149' title='bbox 1582 2053 1837 2132; x_wconf 82' lang='lat' dir='ltr'>opprimi</span> 
     </span>
     <span class='ocr_line' id='line_1_23' title="bbox 463 2129 1835 2214; baseline 0 -20"><span class='ocrx_word' id='word_1_150' title='bbox 463 2129 708 2214; x_wconf 77' lang='lat' dir='ltr'>potuiss&#39;e</span> <span class='ocrx_word' id='word_1_151' title='bbox 727 2177 748 2206; x_wconf 89' lang='lat'>‚</span> <span class='ocrx_word' id='word_1_152' title='bbox 794 2135 846 2192; x_wconf 85' lang='lat' dir='ltr'>si</span> <span class='ocrx_word' id='word_1_153' title='bbox 880 2136 1141 2194; x_wconf 80' lang='lat' dir='ltr'>celeritas</span> <span class='ocrx_word' id='word_1_154' title='bbox 1179 2134 1435 2194; x_wconf 82' lang='lat' dir='ltr'>adhibita</span> <span class='ocrx_word' id='word_1_155' title='bbox 1468 2129 1607 2196; x_wconf 80' lang='lat' dir='ltr'>esset</span> <span class='ocrx_word' id='word_1_156' title='bbox 1629 2177 1650 2208; x_wconf 87' lang='lat'>‚</span> <span class='ocrx_word' id='word_1_157' title='bbox 1684 2131 1835 2195; x_wconf 79' lang='lat' dir='ltr'>exis-</span> 
     </span>
     <span class='ocr_line' id='line_1_24' title="bbox 463 2212 1840 2296; baseline -0.001 -21"><span class='ocrx_word' id='word_1_158' title='bbox 463 2215 688 2275; x_wconf 86' lang='lat' dir='ltr'>timant.</span> <span class='ocrx_word' id='word_1_159' title='bbox 739 2213 1007 2275; x_wconf 85' lang='lat' dir='ltr'>Omnino</span> <span class='ocrx_word' id='word_1_160' title='bbox 1056 2212 1138 2275; x_wconf 88' lang='lat' dir='ltr'>est</span> <span class='ocrx_word' id='word_1_161' title='bbox 1175 2214 1294 2276; x_wconf 85' lang='lat' dir='ltr'>hoc</span> <span class='ocrx_word' id='word_1_162' title='bbox 1331 2214 1537 2296; x_wconf 84' lang='lat' dir='ltr'>pop-uli</span> <span class='ocrx_word' id='word_1_163' title='bbox 1574 2257 1593 2285; x_wconf 87' lang='lat'>,</span> <span class='ocrx_word' id='word_1_164' title='bbox 1648 2216 1840 2274; x_wconf 74' lang='lat' dir='ltr'>maxi-.</span> 
     </span>
     <span class='ocr_line' id='line_1_25' title="bbox 463 2292 1829 2377; baseline 0.001 -22"><span class='ocrx_word' id='word_1_165' title='bbox 463 2295 676 2376; x_wconf 68' lang='lat' dir='ltr'>meque</span> <span class='ocrx_word' id='word_1_166' title='bbox 731 2292 952 2368; x_wconf 83' lang='lat' dir='ltr'>nostri,</span> <span class='ocrx_word' id='word_1_167' title='bbox 1010 2297 1071 2355; x_wconf 87' lang='lat' dir='ltr'>in</span> <span class='ocrx_word' id='word_1_168' title='bbox 1124 2315 1203 2359; x_wconf 79' lang='lat' dir='ltr'>co</span> <span class='ocrx_word' id='word_1_169' title='bbox 1254 2296 1621 2377; x_wconf 68' lang='lat' dir='ltr'>potissimhm</span> <span class='ocrx_word' id='word_1_170' title='bbox 1674 2295 1829 2356; x_wconf 78' lang='lat' dir='ltr'>abuti</span> 
     </span>
     <span class='ocr_line' id='line_1_26' title="bbox 463 2373 1829 2461; baseline 0.002 -26"><span class='ocrx_word' id='word_1_171' title='bbox 463 2373 729 2437; x_wconf 74' lang='lat' dir='ltr'>lihertate</span> <span class='ocrx_word' id='word_1_172' title='bbox 751 2417 772 2448; x_wconf 89' lang='lat'>‚</span> <span class='ocrx_word' id='word_1_173' title='bbox 822 2395 928 2456; x_wconf 85' lang='lat' dir='ltr'>pet</span> <span class='ocrx_word' id='word_1_174' title='bbox 966 2396 1147 2461; x_wconf 86' lang='lat' dir='ltr'>quem</span> <span class='ocrx_word' id='word_1_175' title='bbox 1192 2396 1323 2437; x_wconf 86' lang='lat' dir='ltr'>eam</span> <span class='ocrx_word' id='word_1_176' title='bbox 1370 2373 1701 2436; x_wconf 81' lang='lat' dir='ltr'>consecutus</span> <span class='ocrx_word' id='word_1_177' title='bbox 1734 2376 1829 2438; x_wconf 81' lang='lat' dir='ltr'>sit.</span> 
     </span>
     <span class='ocr_line' id='line_1_27' title="bbox 466 2454 1828 2594; baseline 0 -78"><span class='ocrx_word' id='word_1_178' title='bbox 466 2454 585 2517; x_wconf 89' lang='lat' dir='ltr'>Sed</span> <span class='ocrx_word' id='word_1_179' title='bbox 637 2472 833 2516; x_wconf 86' lang='lat' dir='ltr'>tamen</span> <span class='ocrx_word' id='word_1_180' title='bbox 895 2455 1326 2537; x_wconf 85' lang='lat' dir='ltr'>providendum</span> <span class='ocrx_word' id='word_1_181' title='bbox 1388 2454 1470 2517; x_wconf 90' lang='lat' dir='ltr'>est</span> <span class='ocrx_word' id='word_1_182' title='bbox 1508 2500 1528 2529; x_wconf 89' lang='lat'>‚</span> <span class='ocrx_word' id='word_1_183' title='bbox 1581 2476 1653 2516; x_wconf 89' lang='lat' dir='ltr'>ne</span> <span class='ocrx_word' id='word_1_184' title='bbox 1702 2476 1828 2594; x_wconf 47' lang='lat' dir='ltr'>&lt;gua</span> 
     </span>
     <span class='ocr_line' id='line_1_28' title="bbox 465 2532 1825 2618; baseline 0 -22"><span class='ocrx_word' id='word_1_185' title='bbox 465 2532 607 2616; x_wconf 70' lang='lat' dir='ltr'>justa</span> <span class='ocrx_word' id='word_1_186' title='bbox 651 2537 886 2617; x_wconf 82' lang='lat' dir='ltr'>querela</span> <span class='ocrx_word' id='word_1_187' title='bbox 925 2534 1039 2600; x_wconf 80' lang='lat' dir='ltr'>effe</span> <span class='ocrx_word' id='word_1_188' title='bbox 1082 2541 1290 2618; x_wconf 79' lang='lat' dir='ltr'>possit.</span> <span class='ocrx_word' id='word_1_189' title='bbox 1335 2537 1462 2601; x_wconf 79' lang='lat' dir='ltr'>Res</span> <span class='ocrx_word' id='word_1_190' title='bbox 1500 2539 1581 2597; x_wconf 84' lang='lat' dir='ltr'>sic</span> <span class='ocrx_word' id='word_1_191' title='bbox 1618 2535 1672 2596; x_wconf 85' lang='lat' dir='ltr'>se</span> <span class='ocrx_word' id='word_1_192' title='bbox 1754 2559 1825 2596; x_wconf 80' lang='lat' dir='ltr'>a-</span> 
     </span>
     <span class='ocr_line' id='line_1_29' title="bbox 465 2617 1821 2699; baseline 0 -21"><span class='ocrx_word' id='word_1_193' title='bbox 465 2617 568 2680; x_wconf 84' lang='lat' dir='ltr'>bet</span> <span class='ocrx_word' id='word_1_194' title='bbox 593 2638 608 2676; x_wconf 89' lang='lat'><strong>:</strong></span> <span class='ocrx_word' id='word_1_195' title='bbox 637 2619 686 2677; x_wconf 83' lang='lat' dir='ltr'>is</span> <span class='ocrx_word' id='word_1_196' title='bbox 725 2618 941 2678; x_wconf 85' lang='lat' dir='ltr'>bellum</span> <span class='ocrx_word' id='word_1_197' title='bbox 977 2617 1299 2680; x_wconf 84' lang='lat' dir='ltr'>confecerit</span> <span class='ocrx_word' id='word_1_198' title='bbox 1319 2663 1338 2692; x_wconf 88' lang='lat'>‚</span> <span class='ocrx_word' id='word_1_199' title='bbox 1372 2620 1472 2699; x_wconf 85' lang='lat' dir='ltr'>qui</span> <span class='ocrx_word' id='word_1_200' title='bbox 1508 2617 1821 2678; x_wconf 82' lang='lat' dir='ltr'>Antonium</span> 
     </span>
     <span class='ocr_line' id='line_1_30' title="bbox 440 2696 1823 2782; baseline -0.004 -21"><span class='ocrx_word' id='word_1_201' title='bbox 440 2696 828 2782; x_wconf 65' lang='lat' dir='ltr'>‚opprefferin</span> <span class='ocrx_word' id='word_1_202' title='bbox 873 2697 1010 2758; x_wconf 88' lang='lat' dir='ltr'>Hoc</span> <span class='ocrx_word' id='word_1_203' title='bbox 1054 2719 1232 2781; x_wconf 84' lang='lat' dir='ltr'>quam</span> <span class='ocrx_word' id='word_1_204' title='bbox 1276 2701 1400 2761; x_wconf 86' lang='lat' dir='ltr'>vim</span> <span class='ocrx_word' id='word_1_205' title='bbox 1440 2697 1647 2760; x_wconf 85' lang='lat' dir='ltr'>habeat</span> <span class='ocrx_word' id='word_1_206' title='bbox 1688 2742 1707 2770; x_wconf 88' lang='lat'><strong>‚</strong></span> <span class='ocrx_word' id='word_1_207' title='bbox 1762 2716 1823 2764; x_wconf 77' lang='lat' dir='ltr'>te</span> 
     </span>
    </p>
   </div>
   <div class='ocr_carea' id='block_1_3' title="bbox 470 2777 1825 2926">
    <p class='ocr_par' dir='ltr' id='par_1_3' title="bbox 470 2777 1825 2926">
     <span class='ocr_line' id='line_1_31' title="bbox 470 2777 1825 2922; baseline 0.003 -82"><span class='ocrx_word' id='word_1_208' title='bbox 470 2779 788 2922; x_wconf 48' lang='lat' dir='ltr'>Kistimare</span> <span class='ocrx_word' id='word_1_209' title='bbox 828 2780 986 2844; x_wconf 84' lang='lat' dir='ltr'>malo</span> <span class='ocrx_word' id='word_1_210' title='bbox 1007 2825 1029 2858; x_wconf 87' lang='lat'><strong>,</strong></span> <span class='ocrx_word' id='word_1_211' title='bbox 1060 2780 1237 2864; x_wconf 55' lang='lat' dir='ltr'>quim</span> <span class='ocrx_word' id='word_1_212' title='bbox 1278 2801 1372 2844; x_wconf 84' lang='lat' dir='ltr'>me</span> <span class='ocrx_word' id='word_1_213' title='bbox 1410 2781 1657 2864; x_wconf 54' lang='lat' dir='ltr'>apertius</span> <span class='ocrx_word' id='word_1_214' title='bbox 1694 2777 1825 2844; x_wconf 80' lang='lat' dir='ltr'>scri-</span> 
     </span>
     <span class='ocr_line' id='line_1_32' title="bbox 555 2881 1807 2926; baseline 0.008 -5"><span class='ocrx_word' id='word_1_215' title='bbox 555 2881 642 2926; x_wconf 83' lang='lat' dir='ltr'>re.</span> <span class='ocrx_word' id='word_1_216' title='bbox 1798 2899 1807 2906; x_wconf 95' lang='lat'>·</span> 
     </span>
    </p>
   </div>
  </div>
 </body>
</html>
