1998 3814
329 344 468 450 Ap
499 348 974 444 FAMtLrArt.
1008 296 1347 438 LtbrXI.
1460 355 1575 442 ’ῃ

197 457 346 538 &inor
377 483 508 524 non
550 461 757 524 habet.
792 459 998 522 Dilexi
1032 476 1093 522 te
1113 505 1134 536 ,
1170 482 1289 543 quo
1326 460 1423 524 die
1457 482 1567 524 co-

187 541 404 678 ἔηοίνὶ,
446 563 680 624 meque
725 565 760 604 a
796 561 857 604 te
891 543 992 602 dili
1034 544 1047 556 ⁶
1092 540 1361 621 judicavi.
1391 541 1561 606 Tuus
1664 551 1672 558 ‘

227 623 390 683 einde
439 623 718 693 discefl'us
739 669 759 698 ‚
799 622 960 705 isque
1033 626 1333 697 iratumne,
1370 625 1560 684 ambi-

186 702 264 762 tio
319 702 526 764 nostra
554 749 580 777 ,
635 706 702 768 &
752 707 892 766 vitae
943 704 1345 766 dissimilitudo
1364 747 1385 779 ,
1434 726 1561 767 non

181 779 258 842 est
295 783 454 865 passa
489 785 834 848 voluntates
885 782 1103 846 nostras
1144 785 1558 847 consuetudine

178 866 592 946 conglutinari.
648 866 850 928 Tuum
893 884 1091 929 tamen
1122 887 1261 948 erga
1298 885 1396 928 me
1430 869 1555 928 ani·-

176 962 333 1006 mum
377 950 618 1030 agnovi
672 949 869 1008 multis
927 948 1089 1008 aunis
1147 965 1285 1008 ante.
1332 947 1553 1008 bellum

171 1025 370 1100 civile,
415 1049 612 1110 quum
642 1027 834 1090 Caesar
865 1027 1006 1090 effet
1030 1030 1093 1086 in
1123 1027 1335 1090 Gallia.
1359 1025 1555 1107 Quod

175 1107 330 1168 enim
385 1110 782 1172 vehementer
820 1109 962 1172 mihi
1012 1109 1151 1172 utile
1196 1107 1311 1172 effe
1370 1126 1551 1190 puta-

173 1183 472 1262 bas‚.nec
515 1191 728 1252 inutile
755 1193 867 1272 ipsi
907 1188 1121 1252 Caesari
1148 1237 1169 1266 ‚
1208 1187 1494 1330 {effecisti
1524 1233 1549 1266 ,

171 1282 234 1326 ut
269 1269 370 1330 ine
411 1291 528 1332 me
573 1272 836 1354 diligeret
859 1317 880 1346 ‚
919 1271 1138 1332 coleret
1157 1320 1178 1349 ‚

173 1345 296 1412 suis·
339 1351 546 1412 Multa
606 1371 891 1436 praetereo
932 1399 952 1428 ‚
1012 1373 1139 1432 quae
1180 1371 1305 1413 tem
1348 1351 1544 1413 oribus

169 1428 274 1489 illis
301 1433 462 1496 inter
486 1455 601 1494 nos
627 1435 1063 1496 familiarissime
1088 1432 1238 1495 diaa
1256 1479 1283 1508 ,
1322 1434 1505 1515 cripta
1520 1477 1543 1508 ,

172 1515 608 1576 communicata
655 1515 782 1576 sunt
821 1538 838 1576 τ
893 1518 1161 1598 graviora
1212 1516 1370 1575 enim
1414 1513 1544 1574 sunt

175 1591 502 1658 consecuta.
566 1594 644 1658 Et
701 1599 876 1658 initio
920 1597 1059 1658 belli
1114 1596 1300 1656 civilis
1361 1615 1543 1677 quum

175 1669 545 1739 Brundisium
573 1699 774 1739 versus
811 1681 924 1738 ires
959 1677 1037 1738 ad
1066 1675 1400 1751 Caesarem,
1432 1694 1545 1738 ves-

173 1752 295 1815 nisti
323 1758 402 1817 ad
435 1778 537 1818 me
571 1759 640 1818 in·
663 1757 1053 1820 Formianum.
1090 1757 1394 1832 Primum,
1422 1755 1541 1819 hoc

169 1833 351 1978 issie‘um
383 1841 620 1921 quanti,
655 1839 961 1921 praesertim
993 1839 1353 1921 temporibus
1380 1837 1537 1900 illis?

269 1920 416 1982 inde.
429 1966 448 1996 ‚
487 1921 736 1983 oblitum
765 1941 864 1983 me
903 1939 1071 2002 putas
1110 1921 1335 1983 consilii
1358 1963 1379 1994 ,
1416 1918 1535 1981 ser-

169 2003 360 2061 monis
406 2047 428 2077 ,
473 2002 842 2065 humanitatis
889 2000 1047 2064 tuae?
1108 2001 1317 2085 quibus
1361 2001 1534 2063 rebus

168 2078 428 2144 interess'e
481 2086 722 2145 memini
766 2082 1124 2145 Trebatium.
1194 2081 1323 2145 Nec
1382 2084 1533 2145 verb

169 2158 290 2221 sum
332 2164 544 2225 oblitus
587 2167 904 2227 litterarum
953 2182 1177 2225 tuarum
1201 2207 1223 2237 ‚
1273 2181 1413 2244 quas
1452 2162 1533 2221 ad

165 2260 267 2302 me
305 2244 504 2305 misisti
527 2288 548 2319 ‚
582 2267 761 2328 quum
801 2244 1010 2309 Caesari
1058 2244 1296 2305 obviam
1338 2242 1533 2303 venis-

166 2320 252 2384 ses
293 2326 355 2384 in
390 2348 532 2409 agro
554 2372 575 2401 ‚
618 2343 682 2386 ut
712 2328 988 2401 arbitror,
1026 2323 1383 2386 Trebulano·
1421 2321 1531 2385 See

167 2420 363 2465 cutum
407 2408 569 2474 issud,
593 2425 712 2469 tem
753 2422 819 2467 us
883 2404 964 2469 est
989 2451 1009 2481 ,
1072 2426 1253 2488 quum
1305 2425 1401 2467 me
1450 2405 1528 2466 ad

163 2480 508 2567 Pompeium
574 2510 644 2569 pr
730 2488 860 2549 cisci
921 2491 1071 2551 sive·
1113 2486 1303 2569 pudor
1358 2504 1525 2549 meus

170 2570 315 2649 co‘e‘g
335 2585 393 2642 t,
425 2570 552 2630 sive
589 2568 882 2643 officium,
910 2572 1033 2631 si-ve
1058 2567 1309 2631 fortuna.
1330 2566 1526 2647 Quod

167 2644 266 2705 offi
321 2724 328 2731 .
473 2666 640 2711 tuum
667 2696 688 2726 ,
748 2650 907 2732 quod
965 2648 1213 2711 studium
1241 2694 1264 2723 ,
1315 2648 1435 2709 vel.
1460 2649 1525 2707 in

161 2725 454 2791 abseutem
489 2752 586 2793 me
612 2776 630 2806 ‚
665 2732 764 2794 vel
795 2736 854 2793 in
885 2731 1191 2812 praesentes
1227 2748 1393 2789 meos
1423 2726 1533 2789 de-
1592 2734 1595 2737 ’

160 2806 322 2869 fuit?
374 2830 555 2892 quem
615 2815 796 2893 porro
841 2817 1210 2878 omnes·mei
1270 2817 1336 2877 &
1380 2816 1525 2880 mihi

161 2888 226 2955 ὃς
263 2890 464 2957 sibi-te
499 2896 834 2985 amiciorem
874 2896 1281 2978 judicaverunt·
1298 2901 1331 2965 ἒ.
1364 2902 1529 2971 Veni

724 3167 822 3260 d.

1254 1272 1455 1332 aberet
1484 1273 1547 1332 in
1668 1348 1675 1356 Ι
