<?xml version="1.0" encoding="UTF-8"?>
<!DOCTYPE html PUBLIC "-//W3C//DTD XHTML 1.0 Transitional//EN"
    "http://www.w3.org/TR/xhtml1/DTD/xhtml1-transitional.dtd">
<html xmlns="http://www.w3.org/1999/xhtml" xml:lang="en" lang="en">
 <head>
  <title>
</title>
<meta http-equiv="Content-Type" content="text/html;charset=utf-8" />
  <meta name='ocr-system' content='tesseract 3.04.00' />
  <meta name='ocr-capabilities' content='ocr_page ocr_carea ocr_par ocr_line ocrx_word'/>
</head>
<body>
  <div class='ocr_page' id='page_1' title='image "./mtulliiciceroni03ernegoog_0345.png"; bbox 0 0 1998 3814; ppageno 0'>
   <div class='ocr_carea' id='block_1_1' title="bbox 296 323 1492 420">
    <p class='ocr_par' dir='ltr' id='par_1_1' title="bbox 296 323 1492 420">
     <span class='ocr_line' id='line_1_1' title="bbox 296 323 1492 420; baseline 0.008 -30"><span class='ocrx_word' id='word_1_1' title='bbox 296 339 409 395; x_wconf 58' lang='lat' dir='ltr'>,w</span> <span class='ocrx_word' id='word_1_2' title='bbox 444 323 532 416; x_wconf 83' lang='lat' dir='ltr'>Q.</span> <span class='ocrx_word' id='word_1_3' title='bbox 552 323 949 396; x_wconf 66' lang='lat' dir='ltr'><strong><em>FRATREM</em></strong></span> <span class='ocrx_word' id='word_1_4' title='bbox 973 325 1152 395; x_wconf 74' lang='lat' dir='ltr'>Lm.</span> <span class='ocrx_word' id='word_1_5' title='bbox 1181 323 1276 394; x_wconf 89' lang='lat' dir='ltr'>II.</span> <span class='ocrx_word' id='word_1_6' title='bbox 1337 340 1492 420; x_wconf 81' lang='lat'>337</span> 
     </span>
    </p>
   </div>
   <div class='ocr_carea' id='block_1_2' title="bbox 124 437 1591 3011">
    <p class='ocr_par' dir='ltr' id='par_1_2' title="bbox 124 437 1591 3011">
     <span class='ocr_line' id='line_1_2' title="bbox 162 437 1496 502; baseline 0 -4"><span class='ocrx_word' id='word_1_7' title='bbox 162 439 415 499; x_wconf 74' lang='lat' dir='ltr'>omittam.</span> <span class='ocrx_word' id='word_1_8' title='bbox 448 438 545 500; x_wconf 91' lang='lat' dir='ltr'>De</span> <span class='ocrx_word' id='word_1_9' title='bbox 579 437 962 502; x_wconf 75' lang='lat' dir='ltr'>aedificatione</span> <span class='ocrx_word' id='word_1_10' title='bbox 996 459 1098 502; x_wconf 81' lang='lat' dir='ltr'>tua</span> <span class='ocrx_word' id='word_1_11' title='bbox 1129 437 1184 500; x_wconf 94' lang='lat' dir='ltr'>C</span> <span class='ocrx_word' id='word_1_12' title='bbox 1301 458 1364 498; x_wconf 87' lang='lat' dir='ltr'><strong>m</strong></span> <span class='ocrx_word' id='word_1_13' title='bbox 1397 459 1496 498; x_wconf 87' lang='lat' dir='ltr'>ur-</span> 
     </span>
     <span class='ocr_line' id='line_1_3' title="bbox 190 518 1496 602; baseline 0.002 -25"><span class='ocrx_word' id='word_1_14' title='bbox 190 537 277 580; x_wconf 85' lang='lat' dir='ltr'>ere</span> <span class='ocrx_word' id='word_1_15' title='bbox 302 540 414 580; x_wconf 90' lang='lat' dir='ltr'>non</span> <span class='ocrx_word' id='word_1_16' title='bbox 442 519 594 580; x_wconf 80' lang='lat' dir='ltr'>ceffo</span> <span class='ocrx_word' id='word_1_17' title='bbox 620 540 635 580; x_wconf 76' lang='lat' dir='ltr'><strong><em>z</em></strong></span> <span class='ocrx_word' id='word_1_18' title='bbox 664 521 831 602; x_wconf 82' lang='lat' dir='ltr'>spero</span> <span class='ocrx_word' id='word_1_19' title='bbox 860 541 995 582; x_wconf 84' lang='lat' dir='ltr'>eum</span> <span class='ocrx_word' id='word_1_20' title='bbox 1021 524 1082 582; x_wconf 84' lang='lat' dir='ltr'>in</span> <span class='ocrx_word' id='word_1_21' title='bbox 1107 542 1144 579; x_wconf 94' lang='lat' dir='ltr'>o</span> <span class='ocrx_word' id='word_1_22' title='bbox 1209 522 1304 580; x_wconf 90' lang='lat' dir='ltr'>cio</span> <span class='ocrx_word' id='word_1_23' title='bbox 1327 518 1496 594; x_wconf 78' lang='lat' dir='ltr'>fore3</span> 
     </span>
     <span class='ocr_line' id='line_1_4' title="bbox 174 599 1498 683; baseline 0.003 -27"><span class='ocrx_word' id='word_1_24' title='bbox 174 599 239 656; x_wconf 92' lang='lat' dir='ltr'>ed</span> <span class='ocrx_word' id='word_1_25' title='bbox 279 604 465 661; x_wconf 86' lang='lat' dir='ltr'>omnia</span> <span class='ocrx_word' id='word_1_26' title='bbox 509 599 637 662; x_wconf 89' lang='lat' dir='ltr'>sunt</span> <span class='ocrx_word' id='word_1_27' title='bbox 685 601 937 662; x_wconf 84' lang='lat' dir='ltr'><strong>tardiora</strong></span> <span class='ocrx_word' id='word_1_28' title='bbox 982 623 1092 683; x_wconf 89' lang='lat' dir='ltr'>pro</span> <span class='ocrx_word' id='word_1_29' title='bbox 1135 619 1227 662; x_wconf 86' lang='lat' dir='ltr'>ter</span> <span class='ocrx_word' id='word_1_30' title='bbox 1267 599 1498 660; x_wconf 75' lang='lat' dir='ltr'>furiosae</span> 
     </span>
     <span class='ocr_line' id='line_1_5' title="bbox 154 679 1498 762; baseline 0.004 -28"><span class='ocrx_word' id='word_1_31' title='bbox 154 679 407 741; x_wconf 81' lang='lat' dir='ltr'>aedilitatis</span> <span class='ocrx_word' id='word_1_32' title='bbox 464 681 971 762; x_wconf 62' lang='lat' dir='ltr'>exspefflitionem.</span> <span class='ocrx_word' id='word_1_33' title='bbox 1101 703 1194 741; x_wconf 87' lang='lat' dir='ltr'>am</span> <span class='ocrx_word' id='word_1_34' title='bbox 1259 683 1498 740; x_wconf 85' lang='lat' dir='ltr'>comitia</span> 
     </span>
     <span class='ocr_line' id='line_1_6' title="bbox 155 744 1497 824; baseline 0.004 -8"><span class='ocrx_word' id='word_1_35' title='bbox 155 759 257 818; x_wconf 84' lang='lat' dir='ltr'>sine</span> <span class='ocrx_word' id='word_1_36' title='bbox 304 781 464 821; x_wconf 86' lang='lat' dir='ltr'>mora</span> <span class='ocrx_word' id='word_1_37' title='bbox 516 761 709 823; x_wconf 72' lang='lat' dir='ltr'>futura</span> <span class='ocrx_word' id='word_1_38' title='bbox 756 763 1028 824; x_wconf 83' lang='lat' dir='ltr'>videntur</span> <span class='ocrx_word' id='word_1_39' title='bbox 1065 781 1080 821; x_wconf 71' lang='grc' dir='ltr'><em>τ</em></span> <span class='ocrx_word' id='word_1_40' title='bbox 1129 757 1314 823; x_wconf 69' lang='lat' dir='ltr'>edista</span> <span class='ocrx_word' id='word_1_41' title='bbox 1365 744 1497 822; x_wconf 69' lang='lat' dir='ltr'>sunt</span> 
     </span>
     <span class='ocr_line' id='line_1_7' title="bbox 152 837 1498 905; baseline 0.004 -9"><span class='ocrx_word' id='word_1_42' title='bbox 152 858 196 896; x_wconf 65' lang='lat' dir='ltr'>as</span> <span class='ocrx_word' id='word_1_43' title='bbox 222 837 275 899; x_wconf 89' lang='lat' dir='ltr'>d.</span> <span class='ocrx_word' id='word_1_44' title='bbox 306 858 396 902; x_wconf 73' lang='lat' dir='ltr'>xl.</span> <span class='ocrx_word' id='word_1_45' title='bbox 426 841 563 904; x_wconf 79' lang='lat' dir='ltr'>Kal.</span> <span class='ocrx_word' id='word_1_46' title='bbox 596 841 766 904; x_wconf 83' lang='lat' dir='ltr'>Febr.</span> <span class='ocrx_word' id='word_1_47' title='bbox 821 843 915 904; x_wconf 91' lang='lat' dir='ltr'>Te</span> <span class='ocrx_word' id='word_1_48' title='bbox 957 860 1156 905; x_wconf 74' lang='lat' dir='ltr'>tamon</span> <span class='ocrx_word' id='word_1_49' title='bbox 1189 841 1498 902; x_wconf 85' lang='lat' dir='ltr'>sollicitum</span> 
     </span>
     <span class='ocr_line' id='line_1_8' title="bbox 152 917 1499 1006; baseline 0.003 -28"><span class='ocrx_word' id='word_1_50' title='bbox 152 917 465 988; x_wconf 56' lang='lat' dir='ltr'>estez-noles</span> <span class='ocrx_word' id='word_1_51' title='bbox 504 943 685 984; x_wconf 86' lang='lat' dir='ltr'>omne</span> <span class='ocrx_word' id='word_1_52' title='bbox 724 943 906 1006; x_wconf 79' lang='lat' dir='ltr'>genus</span> <span class='ocrx_word' id='word_1_53' title='bbox 936 945 971 982; x_wconf 88' lang='lat' dir='ltr'>a</span> <span class='ocrx_word' id='word_1_54' title='bbox 1003 923 1176 984; x_wconf 86' lang='lat' dir='ltr'>nobis</span> <span class='ocrx_word' id='word_1_55' title='bbox 1213 923 1499 982; x_wconf 79' lang='lat' dir='ltr'>cautionis</span> 
     </span>
     <span class='ocr_line' id='line_1_9' title="bbox 152 1000 1500 1087; baseline 0.004 -30"><span class='ocrx_word' id='word_1_56' title='bbox 152 1000 505 1064; x_wconf 80' lang='lat' dir='ltr'>adhibebitur.</span> <span class='ocrx_word' id='word_1_57' title='bbox 546 1003 649 1064; x_wconf 90' lang='lat' dir='ltr'>De</span> <span class='ocrx_word' id='word_1_58' title='bbox 682 1024 821 1087; x_wconf 85' lang='lat' dir='ltr'>rege</span> <span class='ocrx_word' id='word_1_59' title='bbox 851 1004 1253 1064; x_wconf 84' lang='lat' dir='ltr'>Alexandrino</span> <span class='ocrx_word' id='word_1_60' title='bbox 1285 1001 1500 1062; x_wconf 69' lang='lat' dir='ltr'>faaum</span> 
     </span>
     <span class='ocr_line' id='line_1_10' title="bbox 155 1079 1502 1158; baseline 0.004 -19"><span class='ocrx_word' id='word_1_61' title='bbox 155 1079 224 1139; x_wconf 86' lang='lat' dir='ltr'>est</span> <span class='ocrx_word' id='word_1_62' title='bbox 281 1082 821 1145; x_wconf 79' lang='lat' dir='ltr'>senatusconsultum</span> <span class='ocrx_word' id='word_1_63' title='bbox 858 1130 878 1158; x_wconf 93' lang='lat'>,</span> <span class='ocrx_word' id='word_1_64' title='bbox 937 1105 1071 1144; x_wconf 87' lang='lat' dir='ltr'>cum</span> <span class='ocrx_word' id='word_1_65' title='bbox 1133 1081 1502 1144; x_wconf 87' lang='lat' dir='ltr'>multitudine</span> 
     </span>
     <span class='ocr_line' id='line_1_11' title="bbox 151 1163 1504 1246; baseline 0.005 -27"><span class='ocrx_word' id='word_1_66' title='bbox 151 1171 268 1220; x_wconf 83' lang='lat' dir='ltr'>eum</span> <span class='ocrx_word' id='word_1_67' title='bbox 291 1164 485 1226; x_wconf 84' lang='lat' dir='ltr'>reduci</span> <span class='ocrx_word' id='word_1_68' title='bbox 514 1163 899 1246; x_wconf 83' lang='lat' dir='ltr'>periculosum</span> <span class='ocrx_word' id='word_1_69' title='bbox 929 1163 1260 1245; x_wconf 67' lang='lat' dir='ltr'>reipublie&#39;ae</span> <span class='ocrx_word' id='word_1_70' title='bbox 1291 1164 1504 1226; x_wconf 78' lang='lat' dir='ltr'>videri.</span> 
     </span>
     <span class='ocr_line' id='line_1_12' title="bbox 152 1238 1500 1328; baseline 0.004 -29"><span class='ocrx_word' id='word_1_71' title='bbox 152 1238 371 1324; x_wconf 82' lang='lat' dir='ltr'>Reliqua</span> <span class='ocrx_word' id='word_1_72' title='bbox 410 1265 596 1328; x_wconf 84' lang='lat' dir='ltr'>quum</span> <span class='ocrx_word' id='word_1_73' title='bbox 638 1244 777 1307; x_wconf 86' lang='lat' dir='ltr'>esset</span> <span class='ocrx_word' id='word_1_74' title='bbox 818 1247 881 1306; x_wconf 89' lang='lat' dir='ltr'>in</span> <span class='ocrx_word' id='word_1_75' title='bbox 920 1243 1120 1306; x_wconf 87' lang='lat' dir='ltr'>senatu</span> <span class='ocrx_word' id='word_1_76' title='bbox 1163 1247 1500 1319; x_wconf 82' lang='lat' dir='ltr'>contentio,</span> 
     </span>
     <span class='ocr_line' id='line_1_13' title="bbox 151 1315 1500 1407; baseline 0.004 -26"><span class='ocrx_word' id='word_1_77' title='bbox 151 1315 465 1386; x_wconf 84' lang='lat' dir='ltr'>Lentulusne</span> <span class='ocrx_word' id='word_1_78' title='bbox 504 1347 583 1385; x_wconf 87' lang='lat' dir='ltr'>an</span> <span class='ocrx_word' id='word_1_79' title='bbox 620 1325 935 1407; x_wconf 87' lang='lat' dir='ltr'>Pompeius</span> <span class='ocrx_word' id='word_1_80' title='bbox 974 1325 1279 1386; x_wconf 85' lang='lat' dir='ltr'>reduceret</span> <span class='ocrx_word' id='word_1_81' title='bbox 1295 1369 1314 1398; x_wconf 93' lang='lat'><strong>,</strong></span> <span class='ocrx_word' id='word_1_82' title='bbox 1341 1325 1500 1386; x_wconf 87' lang='lat' dir='ltr'>obti-</span> 
     </span>
     <span class='ocr_line' id='line_1_14' title="bbox 151 1403 1498 1488; baseline 0.004 -26"><span class='ocrx_word' id='word_1_83' title='bbox 151 1421 271 1464; x_wconf 85' lang='lat' dir='ltr'>nere</span> <span class='ocrx_word' id='word_1_84' title='bbox 304 1406 525 1488; x_wconf 61' lang='lat' dir='ltr'>qausam</span> <span class='ocrx_word' id='word_1_85' title='bbox 558 1407 839 1468; x_wconf 81' lang='lat' dir='ltr'>Lentulus</span> <span class='ocrx_word' id='word_1_86' title='bbox 871 1407 1196 1470; x_wconf 83' lang='lat' dir='ltr'>videbatur.</span> <span class='ocrx_word' id='word_1_87' title='bbox 1227 1403 1294 1466; x_wconf 87' lang='lat' dir='ltr'>In</span> <span class='ocrx_word' id='word_1_88' title='bbox 1331 1425 1401 1465; x_wconf 82' lang='lat' dir='ltr'>ea</span> <span class='ocrx_word' id='word_1_89' title='bbox 1433 1427 1498 1467; x_wconf 85' lang='lat' dir='ltr'>re</span> 
     </span>
     <span class='ocr_line' id='line_1_15' title="bbox 152 1484 1502 1570; baseline 0.004 -29"><span class='ocrx_word' id='word_1_90' title='bbox 152 1502 241 1544; x_wconf 85' lang='lat' dir='ltr'>nos</span> <span class='ocrx_word' id='word_1_91' title='bbox 276 1485 334 1545; x_wconf 70' lang='grc' dir='ltr'>δι</span> <span class='ocrx_word' id='word_1_92' title='bbox 360 1487 560 1549; x_wconf 88' lang='lat' dir='ltr'>officio</span> <span class='ocrx_word' id='word_1_93' title='bbox 600 1507 740 1570; x_wconf 83' lang='lat' dir='ltr'>erga</span> <span class='ocrx_word' id='word_1_94' title='bbox 775 1487 1086 1549; x_wconf 85' lang='lat' dir='ltr'>Lentulum</span> <span class='ocrx_word' id='word_1_95' title='bbox 1126 1484 1362 1546; x_wconf 71' lang='lat' dir='ltr'>mirifice</span> <span class='ocrx_word' id='word_1_96' title='bbox 1381 1530 1400 1560; x_wconf 86' lang='lat'><strong>,</strong></span> <span class='ocrx_word' id='word_1_97' title='bbox 1432 1487 1502 1546; x_wconf 75' lang='grc' dir='ltr'>δι’.</span> 
     </span>
     <span class='ocr_line' id='line_1_16' title="bbox 152 1565 1504 1649; baseline 0.004 -27"><span class='ocrx_word' id='word_1_98' title='bbox 152 1565 421 1629; x_wconf 83' lang='lat' dir='ltr'>voluntati·</span> <span class='ocrx_word' id='word_1_99' title='bbox 447 1567 719 1649; x_wconf 86' lang='lat' dir='ltr'>Pompeii</span> <span class='ocrx_word' id='word_1_100' title='bbox 762 1567 1038 1648; x_wconf 68' lang='lat' dir='ltr'>praeclare</span> <span class='ocrx_word' id='word_1_101' title='bbox 1079 1565 1448 1629; x_wconf 83' lang='lat' dir='ltr'>satisfecimus</span> <span class='ocrx_word' id='word_1_102' title='bbox 1477 1589 1504 1628; x_wconf 70' lang='lat' dir='ltr'>a</span> 
     </span>
     <span class='ocr_line' id='line_1_17' title="bbox 152 1641 1502 1726; baseline 0 -18"><span class='ocrx_word' id='word_1_103' title='bbox 152 1641 237 1704; x_wconf 80' lang='lat' dir='ltr'>sed</span> <span class='ocrx_word' id='word_1_104' title='bbox 260 1668 358 1726; x_wconf 84' lang='lat' dir='ltr'>per</span> <span class='ocrx_word' id='word_1_105' title='bbox 383 1649 803 1712; x_wconf 67' lang='lat' dir='ltr'>obtreEiatores</span> <span class='ocrx_word' id='word_1_106' title='bbox 829 1649 1063 1711; x_wconf 82' lang='lat' dir='ltr'>Lentuli</span> <span class='ocrx_word' id='word_1_107' title='bbox 1092 1668 1184 1710; x_wconf 85' lang='lat' dir='ltr'>res</span> <span class='ocrx_word' id='word_1_108' title='bbox 1215 1646 1502 1709; x_wconf 59' lang='lat' dir='ltr'>calumniss</span> 
     </span>
     <span class='ocr_line' id='line_1_18' title="bbox 154 1728 1502 1792; baseline 0.004 -9"><span class='ocrx_word' id='word_1_109' title='bbox 154 1728 375 1790; x_wconf 68' lang='lat' dir='ltr'>extrasta</span> <span class='ocrx_word' id='word_1_110' title='bbox 408 1729 513 1792; x_wconf 85' lang='lat' dir='ltr'>est.</span> <span class='ocrx_word' id='word_1_111' title='bbox 549 1729 866 1792; x_wconf 85' lang='lat' dir='ltr'>Consecuti</span> <span class='ocrx_word' id='word_1_112' title='bbox 907 1729 1036 1791; x_wconf 88' lang='lat' dir='ltr'>sunt</span> <span class='ocrx_word' id='word_1_113' title='bbox 1071 1728 1192 1790; x_wconf 82' lang='lat' dir='ltr'>dies</span> <span class='ocrx_word' id='word_1_114' title='bbox 1231 1731 1502 1789; x_wconf 87' lang='lat' dir='ltr'>comitia-</span> 
     </span>
     <span class='ocr_line' id='line_1_19' title="bbox 154 1803 1500 1894; baseline -0.001 -22"><span class='ocrx_word' id='word_1_115' title='bbox 154 1803 253 1881; x_wconf 76' lang='lat' dir='ltr'>leS‚</span> <span class='ocrx_word' id='word_1_116' title='bbox 274 1831 378 1890; x_wconf 84' lang='lat' dir='ltr'>per</span> <span class='ocrx_word' id='word_1_117' title='bbox 406 1833 563 1894; x_wconf 86' lang='lat' dir='ltr'>quos</span> <span class='ocrx_word' id='word_1_118' title='bbox 598 1809 821 1873; x_wconf 84' lang='lat' dir='ltr'>senatus</span> <span class='ocrx_word' id='word_1_119' title='bbox 852 1809 1054 1872; x_wconf 80' lang='lat' dir='ltr'>haberi</span> <span class='ocrx_word' id='word_1_120' title='bbox 1088 1831 1211 1870; x_wconf 88' lang='lat' dir='ltr'>non</span> <span class='ocrx_word' id='word_1_121' title='bbox 1245 1822 1500 1890; x_wconf 86' lang='lat' dir='ltr'>poterat.</span> 
     </span>
     <span class='ocr_line' id='line_1_20' title="bbox 154 1883 1591 1965; baseline 0.002 -17"><span class='ocrx_word' id='word_1_122' title='bbox 154 1883 302 1965; x_wconf 86' lang='lat' dir='ltr'>Quid</span> <span class='ocrx_word' id='word_1_123' title='bbox 338 1891 601 1955; x_wconf 84' lang='lat' dir='ltr'>futurum</span> <span class='ocrx_word' id='word_1_124' title='bbox 642 1895 713 1953; x_wconf 82' lang='lat' dir='ltr'>sit</span> <span class='ocrx_word' id='word_1_125' title='bbox 752 1890 1056 1954; x_wconf 80' lang='lat' dir='ltr'>latrocinio</span> <span class='ocrx_word' id='word_1_126' title='bbox 1095 1890 1456 1953; x_wconf 84' lang='lat' dir='ltr'>tribunorum</span> <span class='ocrx_word' id='word_1_127' title='bbox 1477 1936 1502 1965; x_wconf 86' lang='lat'>,</span> <span class='ocrx_word' id='word_1_128' title='bbox 1573 1942 1591 1959; x_wconf 82' lang='grc'><strong>.</strong></span> 
     </span>
     <span class='ocr_line' id='line_1_21' title="bbox 152 1971 1501 2053; baseline 0.002 -25"><span class='ocrx_word' id='word_1_129' title='bbox 152 1987 269 2045; x_wconf 70' lang='lat' dir='ltr'>non·</span> <span class='ocrx_word' id='word_1_130' title='bbox 293 1972 493 2036; x_wconf 85' lang='lat' dir='ltr'>divino</span> <span class='ocrx_word' id='word_1_131' title='bbox 525 1993 542 2032; x_wconf 73' lang='lat' dir='ltr'>t</span> <span class='ocrx_word' id='word_1_132' title='bbox 573 1971 672 2035; x_wconf 90' lang='lat' dir='ltr'>sed</span> <span class='ocrx_word' id='word_1_133' title='bbox 710 1990 908 2035; x_wconf 84' lang='lat' dir='ltr'>tamen</span> <span class='ocrx_word' id='word_1_134' title='bbox 944 1971 1196 2053; x_wconf 85' lang='lat' dir='ltr'>suspicor</span> <span class='ocrx_word' id='word_1_135' title='bbox 1234 1992 1338 2051; x_wconf 88' lang='lat' dir='ltr'>per</span> <span class='ocrx_word' id='word_1_136' title='bbox 1363 1974 1501 2037; x_wconf 77' lang='lat' dir='ltr'>,vim</span> 
     </span>
     <span class='ocr_line' id='line_1_22' title="bbox 150 2048 1506 2135; baseline 0.001 -26"><span class='ocrx_word' id='word_1_137' title='bbox 150 2056 499 2135; x_wconf 81' lang='lat' dir='ltr'>rogationem</span> <span class='ocrx_word' id='word_1_138' title='bbox 539 2051 850 2120; x_wconf 84' lang='lat' dir='ltr'>Caninium</span> <span class='ocrx_word' id='word_1_139' title='bbox 895 2054 1270 2133; x_wconf 77' lang='lat' dir='ltr'>perlaturum.</span> <span class='ocrx_word' id='word_1_140' title='bbox 1324 2048 1392 2110; x_wconf 87' lang='lat' dir='ltr'>In</span> <span class='ocrx_word' id='word_1_141' title='bbox 1432 2071 1506 2112; x_wconf 76' lang='lat' dir='ltr'>ea</span> 
     </span>
     <span class='ocr_line' id='line_1_23' title="bbox 151 2129 1503 2217; baseline -0.001 -25"><span class='ocrx_word' id='word_1_142' title='bbox 151 2150 205 2190; x_wconf 85' lang='lat' dir='ltr'>re</span> <span class='ocrx_word' id='word_1_143' title='bbox 247 2132 579 2217; x_wconf 77' lang='lat' dir='ltr'>Pompeius·</span> <span class='ocrx_word' id='word_1_144' title='bbox 616 2134 755 2215; x_wconf 84' lang='lat' dir='ltr'>quid</span> <span class='ocrx_word' id='word_1_145' title='bbox 802 2134 947 2197; x_wconf 88' lang='lat' dir='ltr'>velit</span> <span class='ocrx_word' id='word_1_146' title='bbox 970 2179 990 2207; x_wconf 89' lang='lat'>‚</span> <span class='ocrx_word' id='word_1_147' title='bbox 1025 2152 1148 2195; x_wconf 86' lang='lat' dir='ltr'>non</span> <span class='ocrx_word' id='word_1_148' title='bbox 1211 2129 1446 2211; x_wconf 83' lang='lat' dir='ltr'>dispicio</span> <span class='ocrx_word' id='word_1_149' title='bbox 1481 2152 1503 2191; x_wconf 73' lang='grc' dir='ltr'><strong>ε</strong></span> 
     </span>
     <span class='ocr_line' id='line_1_24' title="bbox 152 2208 1502 2296; baseline 0.001 -27"><span class='ocrx_word' id='word_1_150' title='bbox 152 2208 440 2277; x_wconf 75' lang='lat' dir='ltr'>familiares</span> <span class='ocrx_word' id='word_1_151' title='bbox 490 2211 617 2294; x_wconf 77' lang='lat' dir='ltr'>ejus</span> <span class='ocrx_word' id='word_1_152' title='bbox 664 2214 803 2296; x_wconf 88' lang='lat' dir='ltr'>quid</span> <span class='ocrx_word' id='word_1_153' title='bbox 849 2216 1121 2296; x_wconf 86' lang='lat' dir='ltr'>cupiant,</span> <span class='ocrx_word' id='word_1_154' title='bbox 1158 2231 1362 2272; x_wconf 83' lang='lat' dir='ltr'>omnes</span> <span class='ocrx_word' id='word_1_155' title='bbox 1399 2214 1502 2272; x_wconf 87' lang='lat' dir='ltr'>vi-</span> 
     </span>
     <span class='ocr_line' id='line_1_25' title="bbox 151 2291 1504 2374; baseline 0.003 -24"><span class='ocrx_word' id='word_1_156' title='bbox 151 2291 319 2357; x_wconf 86' lang='lat' dir='ltr'>dent:</span> <span class='ocrx_word' id='word_1_157' title='bbox 358 2297 678 2359; x_wconf 84' lang='lat' dir='ltr'>creditores</span> <span class='ocrx_word' id='word_1_158' title='bbox 711 2296 857 2357; x_wconf 79' lang='lat' dir='ltr'>verb</span> <span class='ocrx_word' id='word_1_159' title='bbox 894 2315 957 2357; x_wconf 86' lang='lat' dir='ltr'>re</span> <span class='ocrx_word' id='word_1_160' title='bbox 998 2297 1044 2353; x_wconf 77' lang='lat' dir='ltr'>‘s</span> <span class='ocrx_word' id='word_1_161' title='bbox 1084 2294 1282 2374; x_wconf 77' lang='lat' dir='ltr'>aperte</span> <span class='ocrx_word' id='word_1_162' title='bbox 1321 2312 1504 2373; x_wconf 87' lang='lat' dir='ltr'>pecu·-</span> 
     </span>
     <span class='ocr_line' id='line_1_26' title="bbox 150 2316 1500 2459; baseline 0.004 -29"><span class='ocrx_word' id='word_1_163' title='bbox 150 2374 259 2434; x_wconf 83' lang='lat' dir='ltr'>nias</span> <span class='ocrx_word' id='word_1_164' title='bbox 304 2376 677 2459; x_wconf 84' lang='lat' dir='ltr'>suppeditant</span> <span class='ocrx_word' id='word_1_165' title='bbox 724 2316 1308 2437; x_wconf 44' lang='lat' dir='ltr'>contra‘ffientulum.</span> <span class='ocrx_word' id='word_1_166' title='bbox 1363 2372 1500 2435; x_wconf 87' lang='lat' dir='ltr'>Sine</span> 
     </span>
     <span class='ocr_line' id='line_1_27' title="bbox 150 2452 1503 2531; baseline 0.002 -18"><span class='ocrx_word' id='word_1_167' title='bbox 150 2452 313 2519; x_wconf 87' lang='lat' dir='ltr'>dubio</span> <span class='ocrx_word' id='word_1_168' title='bbox 347 2478 439 2521; x_wconf 86' lang='lat' dir='ltr'>res</span> <span class='ocrx_word' id='word_1_169' title='bbox 474 2480 509 2517; x_wconf 86' lang='lat' dir='ltr'>a</span> <span class='ocrx_word' id='word_1_170' title='bbox 544 2457 792 2518; x_wconf 86' lang='lat' dir='ltr'>Lentulo</span> <span class='ocrx_word' id='word_1_171' title='bbox 825 2473 1052 2517; x_wconf 88' lang='lat' dir='ltr'>remota</span> <span class='ocrx_word' id='word_1_172' title='bbox 1085 2455 1316 2517; x_wconf 78' lang='lat' dir='ltr'>videtur</span> <span class='ocrx_word' id='word_1_173' title='bbox 1351 2453 1503 2531; x_wconf 85' lang='lat' dir='ltr'>effe,</span> 
     </span>
     <span class='ocr_line' id='line_1_28' title="bbox 150 2537 1504 2621; baseline 0.002 -29"><span class='ocrx_word' id='word_1_174' title='bbox 150 2553 271 2595; x_wconf 85' lang='lat' dir='ltr'>cum</span> <span class='ocrx_word' id='word_1_175' title='bbox 331 2558 553 2621; x_wconf 87' lang='lat' dir='ltr'>magno</span> <span class='ocrx_word' id='word_1_176' title='bbox 620 2557 757 2599; x_wconf 88' lang='lat' dir='ltr'>meo</span> <span class='ocrx_word' id='word_1_177' title='bbox 820 2537 1030 2598; x_wconf 80' lang='lat' dir='ltr'>dolote</span> <span class='ocrx_word' id='word_1_178' title='bbox 1073 2555 1092 2609; x_wconf 91' lang='lat'>;</span> <span class='ocrx_word' id='word_1_179' title='bbox 1151 2556 1504 2616; x_wconf 83' lang='lat' dir='ltr'>quamquam</span> 
     </span>
     <span class='ocr_line' id='line_1_29' title="bbox 151 2613 1506 2694; baseline 0.001 -22"><span class='ocrx_word' id='word_1_180' title='bbox 151 2616 315 2678; x_wconf 82' lang='lat' dir='ltr'>multa</span> <span class='ocrx_word' id='word_1_181' title='bbox 361 2618 505 2680; x_wconf 86' lang='lat' dir='ltr'>fecit</span> <span class='ocrx_word' id='word_1_182' title='bbox 524 2662 545 2690; x_wconf 92' lang='lat'>,</span> <span class='ocrx_word' id='word_1_183' title='bbox 620 2638 757 2679; x_wconf 78' lang='lat' dir='ltr'>uate</span> <span class='ocrx_word' id='word_1_184' title='bbox 777 2661 797 2692; x_wconf 90' lang='lat'><strong>,</strong></span> <span class='ocrx_word' id='word_1_185' title='bbox 832 2620 883 2689; x_wconf 68' lang='lat' dir='ltr'>si</span> <span class='ocrx_word' id='word_1_186' title='bbox 927 2616 1013 2679; x_wconf 83' lang='lat' dir='ltr'>fas</span> <span class='ocrx_word' id='word_1_187' title='bbox 1056 2613 1233 2688; x_wconf 79' lang='lat' dir='ltr'>effet,</span> <span class='ocrx_word' id='word_1_188' title='bbox 1277 2614 1400 2694; x_wconf 81' lang='lat' dir='ltr'>jure</span> <span class='ocrx_word' id='word_1_189' title='bbox 1446 2616 1506 2675; x_wconf 87' lang='lat' dir='ltr'>ei</span> 
     </span>
     <span class='ocr_line' id='line_1_30' title="bbox 124 2692 1505 2779; baseline -0.001 -24"><span class='ocrx_word' id='word_1_190' title='bbox 124 2692 466 2761; x_wconf 42' lang='lat' dir='ltr'>*succensere</span> <span class='ocrx_word' id='word_1_191' title='bbox 501 2720 581 2779; x_wconf 76' lang='lat' dir='ltr'>po</span> <span class='ocrx_word' id='word_1_192' title='bbox 626 2718 811 2760; x_wconf 72' lang='lat' dir='ltr'>emuS.</span> <span class='ocrx_word' id='word_1_193' title='bbox 845 2696 982 2771; x_wconf 90' lang='lat' dir='ltr'>Tu,</span> <span class='ocrx_word' id='word_1_194' title='bbox 1013 2699 1060 2756; x_wconf 86' lang='lat' dir='ltr'>si</span> <span class='ocrx_word' id='word_1_195' title='bbox 1091 2695 1194 2758; x_wconf 84' lang='lat' dir='ltr'>ista</span> <span class='ocrx_word' id='word_1_196' title='bbox 1226 2694 1505 2777; x_wconf 80' lang='lat' dir='ltr'>expedis,</span> 
     </span>
     <span class='ocr_line' id='line_1_31' title="bbox 149 2776 1504 2861; baseline -0.002 -24"><span class='ocrx_word' id='word_1_197' title='bbox 149 2777 318 2837; x_wconf 80' lang='lat' dir='ltr'>velim</span> <span class='ocrx_word' id='word_1_198' title='bbox 356 2779 535 2861; x_wconf 58' lang='lat' dir='ltr'>quam</span> <span class='ocrx_word' id='word_1_199' title='bbox 572 2780 826 2859; x_wconf 67' lang='lat' dir='ltr'>primum</span> <span class='ocrx_word' id='word_1_200' title='bbox 862 2776 1022 2839; x_wconf 65' lang='lat' dir='ltr'>bona</span> <span class='ocrx_word' id='word_1_201' title='bbox 1055 2779 1120 2839; x_wconf 89' lang='lat'>&amp;</span> <span class='ocrx_word' id='word_1_202' title='bbox 1153 2777 1312 2839; x_wconf 67' lang='lat' dir='ltr'>certa</span> <span class='ocrx_word' id='word_1_203' title='bbox 1349 2793 1504 2841; x_wconf 87' lang='lat' dir='ltr'>tem-</span> 
     </span>
     <span class='ocr_line' id='line_1_32' title="bbox 152 2856 1504 2941; baseline 0.003 -24"><span class='ocrx_word' id='word_1_204' title='bbox 152 2856 359 2936; x_wconf 78' lang='lat' dir='ltr'>pestate</span> <span class='ocrx_word' id='word_1_205' title='bbox 415 2858 805 2937; x_wconf 77' lang='lat' dir='ltr'>conscendas,</span> <span class='ocrx_word' id='word_1_206' title='bbox 842 2858 919 2935; x_wconf 72' lang='lat' dir='ltr'>ad</span> <span class='ocrx_word' id='word_1_207' title='bbox 976 2878 1192 2941; x_wconf 84' lang='lat' dir='ltr'>meque</span> <span class='ocrx_word' id='word_1_208' title='bbox 1249 2857 1450 2939; x_wconf 67' lang='lat' dir='ltr'>venias</span> <span class='ocrx_word' id='word_1_209' title='bbox 1483 2878 1504 2921; x_wconf 72' lang='grc' dir='ltr'>ε</span> 
     </span>
     <span class='ocr_line' id='line_1_33' title="bbox 230 2934 1294 3011; baseline 0.005 -10"><span class='ocrx_word' id='word_1_210' title='bbox 230 2942 280 3001; x_wconf 83' lang='grc' dir='ltr'><strong><em>Τ</em></strong></span> <span class='ocrx_word' id='word_1_211' title='bbox 276 2962 431 3003; x_wconf 76' lang='lat' dir='ltr'>amus</span> <span class='ocrx_word' id='word_1_212' title='bbox 472 2940 623 3011; x_wconf 81' lang='lat' dir='ltr'><strong><em>XII.</em></strong></span> <span class='ocrx_word' id='word_1_213' title='bbox 1245 2934 1294 3006; x_wconf 88' lang='grc' dir='ltr'>Ρ.</span> 
     </span>
    </p>
   </div>
  </div>
 </body>
</html>
