1998 3814
462 365 617 438 290
761 303 1509 417 Epzsrozan'zm

454 482 568 526 tur.
600 459 802 522 Nullas·
829 458 948 601 sut
978 458 1191 553 opium:
1218 453 1249 540 )
1276 455 1509 519 insidias
1538 453 1821 518 hostium
1838 470 1869 531 ‚‘

453 544 672 606 nullam
711 563 840 623 proe
863 544 904 602 ii
939 540 1375 600 dimicanonem
1394 583 1417 613 ,
1459 538 1687 598 nullam
1742 539 1869 600 de·-

457 623 772 685 feffionem
809 621 1134 692 sociorum,
1172 619 1389 680 nullam
1430 621 1531 678 ino
1576 622 1707 678 iam
1738 617 1866 680 sti·-

455 705 693 788 pendii‚
721 720 818 762 aut
853 705 938 762 rei
967 701 1353 762 frumentariae
1371 745 1390 772 ,
1428 719 1469 758 n
1554 719 1657 758 am
1686 699 1873 761 fedi-

453 789 680 846 tionem
707 783 990 844 exercitiis
1023 779 1509 862 pertimescimus:
1540 801 1677 861 quae
1712 799 1865 862 per-

457 866 611 946 saepe
657 863 1086 944 sapientissimis
1124 862 1263 922 viris
1309 859 1697 934 accidemnt3
1744 877 1824 921 nt
1840 906 1865 936 ‚

460 944 958 1029 quemadmodum
997 943 1411 1025 gubernatores
1448 942 1667 1022 optimi
1720 945 1861 1002 vim

459 1025 812 1108 tempestatis
855 1069 876 1100 ‚
941 1025 1023 1084 sic
1090 1022 1184 1082 illi·
1236 1021 1481 1084 fortuna
1544 1024 1861 1102 impetum

463 1108 733 1189 superare
770 1126 892 1166 non
925 1101 1174 1184 poss'ent.
1207 1102 1350 1164 Tibi
1378 1103 1511 1162 data
1550 1101 1637 1163 est
1682 1101 1859 1163 sum-

465 1209 564 1250 ma
593 1209 704 1268 pax
733 1230 753 1259 ‚
785 1185 1005 1246 summa
1036 1183 1409 1264 tranquillitas
1436 1203 1451 1241 z
1480 1185 1567 1242 ita
1604 1201 1821 1245 tamen
1838 1229 1859 1257 ,

463 1287 529 1330 ut
561 1277 642 1330 'ea
684 1268 1072 1328 dormientem
1114 1265 1563 1346 gubernatorem
1598 1266 1707 1324 vel
1738 1265 1861 1325 ob-

466 1369 632 1410 mete
661 1392 682 1422 ‚
717 1346 1057 1430 vigilantem
1092 1347 1269 1406 etiam
1306 1342 1591 1404 deleciare
1627 1348 1851 1425 possit.

469 1427 712 1492 Constat
741 1432 898 1496 enim
929 1447 1001 1488 ea
1034 1427 1335 1508 provincia
1410 1426 1622 1484 timum
1656 1445 1743 1488 ex
1768 1445 1849 1487 eo

469 1529 684 1594 genere
732 1507 1058 1580 sociorum,
1102 1505 1262 1588 quod
1306 1526 1343 1566 e
1424 1525 1497 1566 ex
1529 1504 1849 1568 hominnm

471 1594 633 1652 omni
671 1609 884 1673 genere
918 1588 1392 1648 humanissimum
1418 1606 1443 1646 ·:
1506 1585 1729 1648 deinde
1772 1607 1849 1649 ex

472 1693 549 1733 eo
596 1691 808 1754 genere
845 1661 1065 1730 civ'vium
1097 1714 1118 1743 ‚
1165 1670 1265 1748 qui
1302 1683 1399 1726 aut
1436 1666 1599 1747 quod
1638 1670 1853 1750 publi-

471 1756 602 1812 cani
635 1751 758 1812 sunt
779 1797 800 1825 ,
831 1771 938 1810 nos
966 1747 1189 1808 summit
1216 1747 1651 1808 necessitudine
1676 1751 1847 1809 attin-

475 1850 662 1915 gunt;
697 1847 792 1891 aut
823 1829 982 1913 quod
1020 1832 1099 1889 ita
1138 1831 1509 1910 negotiantur
1530 1874 1551 1900 ‚
1578 1847 1649 1890 ut
1683 1830 1845 1890 locu-

473 1913 661 1993 pletes
723 1915 836 1973 sint
869 1956 894 1987 ‚
948 1907 1128 1971 nostri
1179 1907 1503 1971 consulatus
1549 1910 1841 1972 beneficio

475 1992 532 2055 se
575 1993 899 2054 incolumes
923 1990 1183 2052 fortunas
1225 1990 1439 2051 habere
1480 1991 1845 2053 arbitrantur.

558 2072 644 2135 11.
699 2072 783 2133 At
823 2075 981 2134 enim
1021 2074 1173 2134 inter
1219 2072 1329 2131 hos
1376 2070 1531 2151 ipsos
1567 2071 1847 2135 exsistunt

473 2176 678 2245 graves
713 2155 1128 2215 controversiae
1149 2197 1172 2226 ‚
1203 2152 1405 2213 multae
1424 2152 1733 2224 nascuntur
1756 2156 1845 2213 in·

475 2238 673 2316 juriae,
705 2254 932 2317 magnae
967 2234 1373 2295 contentiones
1398 2231 1843 2313 consequuntur.

479 2314 674 2395 Quasi
711 2321 857 2377 vero
903 2335 1021 2395 ego
1061 2315 1124 2374 id
1156 2329 1357 2392 putem
1396 2354 1417 2382 ‚
1463 2332 1586 2372 non
1636 2332 1695 2375 te
1725 2314 1837 2375 di-

478 2415 758 2477 quantum
801 2396 1027 2476 negotii
1062 2391 1349 2454 sustinete.
1393 2391 1669 2474 Intelligo
1708 2414 1839 2475 per-

480 2496 755 2559 magnum
795 2474 909 2535 esse
955 2476 1259 2557 negotium
1286 2516 1305 2543 ‚
1342 2472 1418 2532 &²
1440 2476 1681 2533 maximi
1704 2491 1839 2535 con-

479 2558 588 2619 silii
615 2579 628 2615 z
672 2555 771 2617 sed
804 2574 1109 2617 memento
1128 2598 1147 2627 ‚
1188 2554 1413 2613 consilii
1442 2574 1543 2613 me
1580 2554 1695 2614 hoc
1726 2574 1837 2614 ne-

479 2641 702 2723 gotium
737 2636 860 2698 ·effe
900 2638 1083 2719 magis
1122 2634 1415 2717 aliquanto
1445 2678 1467 2707 ‚
1512 2634 1691 2716 qu'am
1721 2634 1839 2696 for·

483 2738 638 2782 tunae
660 2764 680 2793 ‚
718 2735 942 2799 putare.

559 2801 622 2863 6.
671 2798 842 2878 Quid
893 2796 978 2859 est
1024 2798 1182 2857 enim
1220 2794 1495 2876 negotii,
1544 2796 1835 2857 continere

479 2898 584 2941 eos
611 2925 632 2956 ‚
662 2880 868 2961 quibus
907 2880 1104 2961 praesis
1126 2920 1147 2953 ,
1184 2878 1233 2936 si
1266 2893 1325 2938 te
1352 2873 1473 2957 ipse
1506 2871 1837 2939 contineas?
