1998 3814
297 401 423 452 az>
447 386 897 455 FAMIL‘IAR.
924 384 1098 455 Lm.
1123 384 1325 460 XVI.
1374 388 1530 481 269·

152 497 429 581 frequens
472 498 756 581 flagitavit
798 499 1200 580 triumphum;
1237 498 1335 560 sed
1369 500 1530 563 Len-

151 582 305 640 tulus
342 577 584 652 consul,
610 582 727 660 qui>
764 578 951 655 majus
984 579 1147 641 suum
1177 581 1529 643 beneficium

149 660 604 733 faceret‚·simul
636 679 804 741 atque
840 658 1155 741 expediffet
1185 682 1312 742 quae
1347 662 1544 724 effent‘

150 739 469 801 necess'aria
499 739 571 800 de
602 741 928 820 republica,
952 740 1094 801 dixit
1115 740 1174 801 se
1200 743 1542 805 relaturum.

151 820 285 881 Nos
316 823 549 903 agimus
578 820 715 881 nihil
746 821 987 901 cupide,
1009 820 1203 902 edque
1231 820 1312 882 est
1339 823 1542 889 nostra·

42 954 56 971 ,
151 899 895 983 pluds-au&oritas.1taliae
929 904 1196 984 regiones
1229 902 1408 964 deseri
1451 924 1528 965 tae

152 982 323 1055 sunt,
349 1002 527 1063 quam
564 981 797 1063 quisque
835 998 1060 1063 partem
1093 998 1366 1043 tueretur.
1461 1005 1532 1045 os

158 1061 438 1143 Capuam
478 1060 841 1143 sumpsimus.
888 1062 1032 1121 Haec
1071 1078 1130 1121 te
1171 1060 1311 1123 scire
1351 1065 1544 1126 volui:

154 1141 255 1202 Tu
304 1143 487 1201 etiam
540 1159 709 1224 atque
768 1145 942 1202 etiam
994 1162 1131 1201 cura
1179 1159 1244 1202 ut
1292 1144 1489 1206 valeas
1516 1188 1539 1221 ‚

156 1220 494 1301 litterasque
538 1221 611 1281 ad
653 1242 748 1283 me
795 1224 985 1282 mittas
1008 1268 1028 1296 ‚
1061 1222 1538 1307 quotiescumque

158 1303 407 1363 habebis
448 1304 537 1361 cui
579 1303 701 1364 des.
737 1300 927 1363 Etiam
962 1321 1136 1385 atque
1173 1307 1350 1365 etiam
1381 1308 1536 1371 vale.

161 1382 247 1443 D.
272 1382 465 1464 pridie
502 1380 593 1443 Id.
617 1382 845 1445 Ianuar.

242 1500 445 1573 M.T.
475 1511 548 1575 C.
588 1510 911 1575 Tinom
964 1532 1124 1577 suo
1171 1514 1232 1577 S.
1266 1512 1329 1576 P.
1364 1514 1451 1579 D.
1529 1490 1542 1549 Ῑ

167 1646 497 1698 Dzrzour
516 1646 689 1709 statum
725 1643 988 1715 reipublicae
1006 1666 1023 1706 3
1055 1648 1197 1699 initia
1232 1647 1350 1698 belli
1384 1649 1540 1701 civilis

238 1719 443 1787 exponit
466 1737 484 1777 3
520 1718 769 1777 Tironem,
792 1735 845 1767 ut
878 1720 1166 1771 valetudinis
1197 1721 1427 1772 rationem
1459 1740 1538 1774 re-

236 1794 421 1841 diturus
460 1790 667 1849 habeat,
698 1794 935 1844 adtnomt.
975 1794 1122 1843 Anno
1159 1793 1224 1845 U.
1259 1798 1316 1846 C.
1354 1812 1478 1861 704.

175 1961 277 2004 12.
300 1870 435 2028 Q
456 1958 569 2001 uo
618 1943 678 2001 in
730 1940 1053 2006 discrimine
1094 1942 1368 2007 versetur*
1393 1945 1542 2008 salus

138 2023 409 2112 ,Qmea‚&
432 2021 724 2082 bonorum
748 2027 1044 2099 omnium,
1060 2042 1234 2108 atque
1261 2025 1542 2088 universa

166 2106 250 2164 rei
296 2103 535 2176 ublicae,
558 2121 631 2162 ex
658 2123 733 2162 eo
758 2101 895 2164 scire
922 2124 1126 2186 potes,
1144 2106 1302 2187 qubd
1329 2107 1546 2166 domos

167 2125 423 2256 noga-as,
442 2183 505 2242 &
524 2183 764 2263 patriam
794 2183 971 2264 ipsam
988 2231 1008 2258 ‚
1025 2187 1126 2246 vel
1158 2187 1542 2266 diripiendam

168 2263 267 2325 vel
301 2263 772 2324 inflammandam
804 2264 1160 2346 reliquimus.
1188 2265 1258 2324 In
1290 2285 1425 2326 eum
1457 2266 1546 2326 lo·

169 2365 305 2404 cum
354 2362 447 2403 res
494 2341 737 2403 deduffit
790 2341 903 2420 est,
932 2363 997 2404 ut
1016 2390 1035 2417 ‚
1065 2347 1175 2405 nisi
1219 2347 1344 2426 quis
1398 2347 1542 2408 deus

167 2423 269 2484 vel
308 2423 467 2484 cafiis
499 2423 699 2506 aliquis
728 2423 1095 2500 subvenerit,
1115 2423 1266 2486 salvi
1296 2425 1408 2488 esse
1439 2447 1547 2489 ne·-

252 2523 474 2565 eamus.
494 2501 778 2584 Equidem
804 2521 871 2564 ut
892 2509 1032 2566 veni
1061 2505 1134 2566 ad
1160 2506 1363 2566 urbem
1378 2551 1396 2578 ,
1419 2529 1542 2568 non

214 2583 361 2644 estiti
402 2585 602 2644 omnia
638 2585 700 2644 &
736 2582 939 2644 sentire
956 2629 979 2658 ,
998 2586 1070 2645 &
1095 2585 1324 2658 dicere,
1353 2588 1415 2646 &
1443 2587 1544 2646 fa-

173 2683 305 2726 cere
320 2708 341 2737 ‚
361 2683 491 2744 quae
516 2663 589 2723 ad
615 2665 985 2724 concordiam
1017 2666 1372 2744 pertinerent
1394 2687 1412 2724 t
1443 2665 1548 2726 fect

170 2747 351 2805 mirus
392 2742 675 2806 invaserat
716 2743 877 2805 furor
920 2763 1044 2802 non
1087 2743 1271 2804 solum
1313 2747 1545 2826 impro-

170 2825 261 2884 bis
282 2870 303 2898 ‚
337 2823 441 2884 sed
476 2826 649 2885 etiam
688 2825 775 2886 his
818 2826 917 2906 qui
954 2825 1099 2884 boni
1127 2823 1448 2901 habentur,
1479 2843 1544 2890 ut

172 2923 438 2988 pugnare
494 2923 770 2991 cuperent
812 2950 833 2983 ‚
882 2924 981 2968 me
1039 2904 1322 2966 clamante
1344 2949 1365 2980 ,
1405 2908 1547 2974 nihil

1159 2983 1229 3046 M
1265 2985 1326 3065 iij
