1998 3814
475 348 634 451 '356
777 350 1540 420 Ena-romanu

474 485 784 550 magenum
810 463 1050 525 feretis?
1081 463 1289 525 Genus
1318 465 1530 537 vides,
1555 462 1632 524 &
1659 461 1856 524 locum

475 543 728 627 jocandi.
762 543 947 606 Multa
982 543 1102 606 dixi
1139 547 1200 605 in
1237 545 1566 627 ignobilem
1609 565 1818 628 regem
1839 587 1858 618 ,

476 629 685 708 quibus
736 643 892 686 totus
952 623 1036 686 est
1091 625 1380 706 explosus.
1441 625 1594 704 Quo
1643 643 1862 708 genere

478 725 812 767 commotus
855 705 969 788 (ut
1003 706 1120 768 dixi
1206 704 1434 786 Appius
1452 751 1474 779 ‚
1515 722 1730 766 totum
1767 723 1862 764 me

478 787 875 868 amplexatur:
911 786 1052 847 nihil
1071 807 1116 846 e
1195 789 1354 846 enim
1383 785 1614 847 facilius
1641 833 1664 860 ,
1689 785 1862 868 quim

477 869 698 948 reliqua
718 866 1021 928 discutere.
1050 867 1168 928 Sed
1187 887 1306 926 non
1320 866 1540 926 faciam
1561 909 1581 939 ,
1609 867 1862 928 utillum

470 946 777 1028 ‘offendam
796 992 817 1022 ‚
858 967 933 1008 ne
972 949 1249 1029 imploret
1279 946 1455 1007 fidem
1491 947 1670 1011 Jovis
1707 943 1860 1008 Hos·

479 1031 673 1112 pitalis
720 1049 735 1088 τ
794 1025 1010 1090 Graios
1074 1048 1282 1088 omnes
1337 1047 1643 1090 convocet
1683 1072 1704 1099 ‚
1761 1047 1862 1108 pet

480 1131 631 1191 quos
684 1127 916 1168 mecum
971 1111 1033 1168 in
1090 1109 1332 1190 gratiam
1383 1109 1580 1170 rediit.
1645 1107 1861 1168 Theo·
1937 1177 1939 1182 .

481 1210 711 1273 pompo
756 1187 1182 1250 satisfaciemus.
1225 1187 1326 1250 De
1359 1186 1598 1251 Caesaoe
1637 1187 1856 1270 fugerat
1937 1183 1941 1270 Ἰ

482 1290 582 1331 me
622 1270 694 1330 ad
735 1287 793 1328 te
830 1267 1094 1330 scribere.
1138 1269 1336 1330 Video
1375 1271 1538 1329 enim
1562 1316 1583 1343 ,
1623 1290 1772 1350 quas
1801 1287 1860 1330 tu
1939 1275 1941 1280 '

480 1348 701 1410 litteras
748 1347 1113 1428 exspeffiris.
1175 1347 1296 1409 Sed
1347 1350 1445 1411 ille
1504 1345 1740 1432 scripsit
1783 1349 1854 1410 ad

480 1427 731 1510 Balbum
754 1475 773 1504 ‚
805 1429 1136 1490 fasciculum
1162 1429 1326 1489 illum
1351 1429 1734 1510 epistolarum
1751 1475 1770 1502 ,
1797 1432 1854 1489 in

488 1531 607 1591 quo
644 1511 828 1572 fuerat
866 1511 930 1570 &
968 1530 1097 1571 mea
1124 1556 1144 1583 ‚
1183 1510 1246 1569 &
1278 1509 1482 1585 Balbi,
1523 1529 1728 1572 totum
1755 1511 1852 1570 sibi

486 1592 637 1674 aqua
664 1590 960 1652 madidum
993 1591 1284 1652 redditum
1315 1590 1466 1664 effe3
1503 1608 1574 1652 ut
1609 1611 1688 1652 ne
1719 1591 1852 1652 illud

490 1674 730 1754 quidem
760 1671 929 1748 sciat,
953 1691 1147 1731 meam
1173 1669 1334 1731 fuiss’e
1365 1672 1621 1753 aliquam
1649 1671 1856 1752 episto·

487 1753 627 1814 lam.
686 1752 804 1814 Sed
846 1771 919 1814 ex
964 1751 1132 1812 Balbi
1170 1749 1407 1832 epistola
1453 1774 1643 1832 pauca
1681 1753 1848 1814 verba

486 1833 849 1894 intellexerat
869 1876 890 1906 ‚
924 1832 996 1894 ad
1032 1853 1158 1915 quae
1176 1831 1470 1913 ‘rescripsit
1499 1833 1595 1892 his
1629 1833 1816 1895 verbis
1829 1876 1850 1909 ,

489 1917 586 1976 De
633 1916 885 1975 Cicerone
926 1916 1088 1975 video
1129 1932 1182 1973 te
1225 1916 1490 1993 quiddam
1528 1912 1802 1997 stripsff
1827 1958 1846 1989 ,

489 1996 640 2077 quod
692 2017 787 2077 ego
836 2015 945 2055 non
994 1994 1248 2055 intellexi
1281 2015 1309 2067 ‚⁶
1364 2014 1634 2074 quantum
1683 2013 1849 2055 amem

490 2073 793 2157 conjebluraei'
833 2074 1192 2154 confiquebar
1214 2118 1248 2149 ,,
1266 2078 1330 2134 id
1361 2095 1481 2135 erat
1517 2074 1850 2156 hujusmodi,

492 2175 557 2217 ut
592 2159 765 2239 magis
802 2157 1099 2235 optandum
1136 2200 1159 2227 ,
1195 2157 1353 2235 qucim
1375 2156 1710 2237 sperandum
1743 2176 1848 2236 pu·

493 2256 683 2297 tarem.
742 2236 940 2315 Itaque
996 2233 1198 2316 postea
1250 2237 1382 2295 misi
1433 2236 1509 2297 ad
1573 2234 1848 2298 Caesarem

492 2317 709 2377 eodem
751 2316 850 2381 illo
890 2316 1163 2397 exemplo
1209 2315 1446 2377 litteras.
1508 2316 1720 2378 Iocum
1747 2338 1847 2377 au-

492 2412 616 2457 tem
654 2398 800 2457 illius
838 2396 915 2457 de
950 2395 1047 2459 sua
1089 2394 1340 2479 egestate
1379 2417 1454 2457 ne
1490 2400 1564 2457 sis
1603 2398 1850 2479 asperna-

493 2492 607 2537 tus.
650 2476 747 2537 Ad
828 2496 962 2537 uem
1007 2496 1122 2559 ego
1165 2475 1471 2556 rescripsi,
1519 2478 1663 2541 nihil
1704 2474 1847 2549 effe,

494 2557 654 2639 qubd
682 2554 811 2637 post
854 2578 920 2617 ac
957 2578 1104 2617 arcae
1143 2554 1345 2619 nostrae
1375 2556 1592 2618 fiducia
1625 2576 1850 2619 contut-

494 2639 697 2709 baret3
743 2640 965 2719 lusique
1003 2639 1062 2697 in
1101 2658 1176 2699 eo
1217 2658 1432 2718 genere
1467 2638 1535 2699 &
1571 2638 1850 2699 familiari·

494 2737 585 2781 tet
615 2764 634 2795 ,
680 2718 744 2779 &
781 2738 912 2779 cum
948 2717 1246 2801 dignitate.
1281 2718 1470 2779 Amor
1507 2738 1704 2781 autem
1731 2716 1846 2797 ejus

490 2820 563 2871 er
602 2824 634 2861 a
690 2821 797 2859 nos
850 2796 1137 2879 perfertur
1180 2802 1440 2859 omniurn
1483 2802 1694 2860 nuntiis
1733 2800 1850 2861 sin·

494 2898 575 2965 gu
597 2882 724 2945 aris,
756 2878 831 2945 Et
864 2880 1068 2943 litterae
1101 2879 1338 2965 quidem
1373 2880 1450 2943 ad
1477 2881 1538 2943 id
1567 2880 1724 2967 quod
1749 2898 1844 2943 ex·
