1998 3814
364 339 523 418 372
665 285 1412 386 Epzsrormdeu

364 453 501 494 nam
556 432 977 512 expolitionem
1029 445 1196 512 urget
1241 427 1340 489 ille
1395 426 1636 510 quidern
1669 423 1750 488 8(

375 511 716 574 Philotimus
742 511 808 572 &
838 508 1073 584 Cincius
1097 530 1112 568 ε
1138 505 1245 569 sed
1267 509 1446 570 etiam
1469 507 1592 589 ipse
1617 527 1748 568 cre-

364 593 477 654 brb
498 591 769 654 interviso
786 611 806 665 3
824 587 1093 674 quod'est
1119 587 1294 650 facile
1308 586 1481 650 faau.
1508 587 1752 671 Quam-2

374 675 581 738 obrem
610 672 683 734 ea
710 691 767 733 te
801 671 939 732 cura
970 669 1277 731 liberatum
1311 667 1487 730 volo.

451 750 583 814 111.
614 751 713 816 De
756 749 1046 814 Cicerone
1070 750 1231 830 quod
1256 767 1352 810 me
1377 747 1615 830 semper
1639 763 1750 811 ro·-'

370 854 472 918 gas
495 879 515 908 ,
553 831 792 915 ignosco
818 832 1091 914 equidem
1115 831 1222 892 tibi
1239 873 1259 906 ,
1291 827 1389 890 sed
1410 848 1478 890 tu
1509 849 1746 911 quoque

372 915 518 976 mihi
548 915 729 976 velim
771 913 1029 996 ignoscas
1067 932 1084 970 z
1115 933 1239 972 non
1276 912 1434 976 enim
1477 912 1748 975 concedo

374 995 484 1057 tibi
504 1039 524 1069 ‚
562 996 692 1076 plus
729 995 977 1056 utillum
1014 1012 1218 1067 ames,
1316 986 1415 1051 ani
1442 991 1570 1071 ipse
1593 1013 1747 1053 amo.

378 1075 578 1158 Atque
598 1079 819 1138 utinam
839 1076 931 1136 his
945 1073 1147 1134 diebus
1165 1075 1228 1136 in
1338 1073 1564 1153 pinati,
1592 1072 1754 1155 quod

376 1157 447 1218 &
478 1155 599 1238 ipse
638 1160 932 1237 cupierat,
954 1155 1026 1220 &
1045 1175 1087 1221 ε
1130 1175 1171 1214 o
1204 1173 1326 1214 non
1359 1153 1590 1226 minus,
1617 1173 1754 1216 me·-

376 1257 511 1298 tum
544 1236 749 1298 fuiss'et.
782 1235 975 1315 Quod
1010 1234 1084 1295 ad
1155 1235 1498 1313 omponiam
1522 1277 1546 1304 ,
1573 1235 1623 1292 si
1649 1234 1759 1294 tibi

377 1317 609 1378 videtur
636 1360 656 1392 ,
692 1317 898 1378 scribas
938 1317 1120 1377 velim
1139 1360 1164 1390 ‚
1199 1333 1378 1395 quum
1411 1313 1620 1395 aliqub
1643 1316 1766 1375 exi·

374 1396 569 1459 bimus
592 1403 629 1472 ‚‘
645 1415 741 1460 eat
784 1396 1082 1460 nobiscum
1105 1441 1125 1470 ,
1157 1414 1521 1476 puerumque
1547 1393 1758 1461 ducat:

380 1478 663 1540 clamores
682 1475 927 1540 efficiam
949 1522 970 1552 ‚
1001 1479 1051 1537 si
1073 1496 1210 1536 eum
1231 1494 1464 1536 mecum
1493 1475 1762 1538 habuero

382 1557 635 1622 otiosum
668 1580 682 1619 z
711 1580 847 1620 nam
892 1559 1104 1620 Romae
1153 1555 1467 1637 respirandi
1511 1577 1638 1618 non
1679 1553 1770 1618 est

378 1640 565 1701 locuS.
589 1639 657 1706 Id
690 1659 784 1700 me
819 1639 923 1701 scis
963 1656 1136 1700 antea
1155 1641 1325 1722 gratis
1347 1636 1456 1696 tibi
1475 1636 1593 1696 effe
1625 1637 1770 1718 pol-

382 1721 605 1782 licitum
624 1725 643 1794 ³,
662 1721 800 1802 quid
826 1741 978 1782 nunc
1010 1736 1176 1800 putas
1207 1716 1366 1778 tanta
1385 1717 1488 1778 abs
1519 1735 1579 1778 te
1620 1719 1768 1778 mihi

383 1802 655 1863 mercede
688 1801 989 1882 proposita
1021 1801 1044 1858 ἓ
1083 1799 1282 1861 Venio
1316 1818 1468 1857 nunc
1512 1797 1587 1858 ad
1635 1817 1770 1860 tuas

367 1881 599 1943 'litteras
630 1928 651 1956 ,
698 1903 838 1976 quas
892 1879 1150 1963 pluribus
1204 1875 1452 1960 epistolis
1508 1881 1770 1961 accepi,

388 1962 530 2023 dum
566 1961 690 2023 sum
725 1985 787 2022 m
828 1963 1093 2044 Arpinati
1121 1981 1137 2019 ε
1174 1981 1310 2019 nam
1342 1959 1482 2021 mihi
1517 1981 1641 2021 uno
1665 1960 1772 2023 die

386 2060 503 2105 tres
542 2041 668 2105 sunt
710 2043 945 2107 redditae
972 2088 993 2115 ,
1029 2042 1098 2101 &
1147 2041 1382 2122 quidem
1403 2084 1424 2113 ‚
1481 2058 1547 2100 ut
1585 2040 1778 2103 vide-

356 2123 595 2197 ·bantur
614 2168 634 2198 ‚
662 2123 877 2185 eodem
908 2122 1012 2185 abs
1032 2139 1092 2183 te
1126 2121 1274 2181 datae
1301 2140 1570 2200 tempore
1603 2141 1774 2183 :una

384 2204 643 2286 fluribus
666 2204 854 2267 verbis
879 2248 899 2277 ,
918 2206 979 2265 in
1003 2224 1117 2284 qua
1179 2205 1389 2263 timum
1411 2219 1534 2268 erat
1550 2246 1570 2275 ,
1597 2204 1776 2282 quod

387 2287 681 2367 antiquior
718 2285 840 2345 dies
888 2286 947 2344 in
990 2286 1100 2343 tuis
1127 2223 1316 2343 finisset
1353 2279 1638 2361 adscripta
1673 2285 1776 2343 lit-

388 2367 527 2425 teris
548 2409 567 2438 ‚
601 2364 776 2445 quarn
814 2367 873 2425 in
922 2362 1185 2425 Caesaris.
1226 2362 1294 2423 Id
1343 2361 1480 2423 facit
1523 2361 1774 2443 Oppius

388 2465 829 2527 nonnumquam
878 2442 1191 2505 necessarie>
1217 2487 1237 2517 ,
1277 2459 1386 2514 ut,
1435 2462 1620 2523 quum
1667 2460 1776 2502 ta-

387 2524 659 2587 bellarios
690 2522 1040 2585 constituerit
1071 2526 1296 2583 mittere
1324 2567 1343 2595 ‚
1378 2520 1712 2601 litterasque
1735 2546 1774 2585 a

390 2607 561 2668 nobis
597 2606 880 2685 acceperit
904 2650 924 2678 ‚
965 2604 1158 2685 aliqua
1188 2622 1252 2663 re
1293 2604 1454 2665 nova
1484 2606 1565 2663 im
1649 2604 1778 2665 dia-

392 2705 485 2749 tur
506 2732 529 2760 ‚
564 2685 626 2746 &
646 2684 953 2745 necessario
983 2684 1158 2745 serius
1183 2728 1203 2758 ‚
1235 2682 1412 2763 quam
1453 2705 1526 2744 co
1612 2686 1778 2747 'tue-

371 2778 484 2837 ·rat
508 2813 528 2843 ,
566 2767 753 2827 mittat
776 2810 796 2839 ‚
833 2785 1028 2847 neque
1062 2778 1176 2825 'nos
1209 2762 1360 2824 datis
1394 2762 1516 2843 jam
1553 2762 1776 2844 episto-

254 2885 259 2891 ·
372 2845 463 2907 'lis
506 2848 662 2911 diem
708 2848 1053 2909 commutari
1097 2863 1377 2909 curemus.
1431 2842 1642 2907 Scribis
1689 2846 1778 2909 de
