1998 3814
297 343 426 408 ’.ιω
451 339 554 433 Q.
591 343 988 410 FRATREM
1028 341 1197 410 Lm.
1231 342 1289 412 1.
1346 347 1497 438 31‘3

131 453 498 533 prudentiam
549 471 740 514 tantus
794 454 921 518 usus
971 453 1264 516 access'erit
1294 475 1316 529 3
1360 456 1501 518 nihil

133 533 242 595 effe
260 581 280 609 ‚
307 536 472 616 quod
507 536 583 595 ad
616 536 848 596 laudem
887 538 1159 612 attineat,
1188 536 1347 617 quod
1382 559 1505 598 non

131 631 192 674 tu
245 638 292 678 o,
333 617 488 676 time-
527 616 882 696 perspicias3
925 617 992 676 &
1032 617 1139 676 tibi
1186 637 1345 691 non,
1380 620 1505 678 sine

135 639 468 776 cujuiguam
508 695 875 769 hortatione,
905 698 966 756 in
1008 712 1267 756 mentem
1306 700 1509 760 veniat

129 779 413 855 quotidie.
439 775 561 836 Sed
591 796 742 858 ego,
765 778 896 856 qui,
919 795 1101 858 quum
1130 793 1229 836 tua
1251 778 1426 860 lego,
1448 797 1510 838 te

131 856 367 931 andire,
391 857 458 916 &
477 857 620 936 qui,
647 877 826 936 quum
863 857 935 916 ad
971 875 1033 917 te
1072 855 1291 931 scribo,
1314 875 1513 919 tecum

134 935 300 1017 loqui
348 937 558 999 videor
585 981 606 1010 ‚
645 938 864 996 idcirco
911 937 979 996 &
1020 937 1119 996 tua
1166 937 1512 1019 longissima

136 1036 370 1098 quaque·
406 1015 652 1096 epistola
689 1018 940 1094 maxime
979 1015 1271 1090 delcetor,
1300 1018 1512 1100 &ipse

135 1096 193 1155 in
219 1097 528 1158 scribendo
559 1095 710 1177 saepe
741 1097 865 1157 sum
893 1098 1146 1178 longior.
1168 1096 1319 1158 Illud
1350 1113 1407 1158 te
1438 1101 1513 1159 ad

137 1194 462 1239 extremum
498 1178 562 1236 δι
587 1198 696 1237 oro
711 1187 744 1251 ,·’
761 1177 824 1237 &
851 1178 1056 1237 hortor
1074 1222 1091 1250 ,
1120 1197 1183 1238 ut
1218 1195 1515 1260 tamquam

137 1263 331 1336 poetae
359 1258 499 1317 boni
517 1303 535 1330 ‚
555 1257 620 1318 ὃ(
645 1258 866 1318 :tereres
895 1255 1150 1318 industrii
1186 1256 1405 1332 solent,
1433 1263 1515 1321 sic

138 1354 201 1398 tu
225 1341 288 1399 in
314 1356 574 1400 extrema
601 1357 768 1417 parte
784 1381 805 1410 ,
823 1338 886 1397 &
909 1339 1285 1400 conclusione
1312 1355 1521 1402 mune-

140 1419 216 1491 ris
231 1421 322 1479 ac'
339 1420 562 1500 negotii
589 1421 674 1478 tui
701 1419 1169 1498 diligentissimus
1202 1421 1275 1478 sis
1295 1439 1313 1492 ;
1334 1439 1397 1479 ut
1420 1421 1517 1480 hic

141 1502 339 1560 tertius
367 1520 550 1560 annus
577 1500 808 1580 imperii
839 1499 960 1570 tui,
989 1515 1287 1580 tamquam
1316 1504 1516 1561 tertius

145 1579 298 1640 aetus
317 1625 336 1654 ‚
371 1577 822 1659 perfeffissirnus
843 1623 864 1652 ‚
893 1595 1073 1659 atque
1120 1581 1519 1640 ornatissimus

147 1657 306 1724 fuiffe
337 1661 626 1720 videatur.
669 1658 738 1719 Id
777 1658 1051 1718 facillime
1090 1656 1265 1720 facies
1285 1705 1305 1734 ‚
1337 1662 1383 1720 si
1420 1683 1519 1723 me

150 1737 280 1820 (cui
319 1739 544 1820 semper
585 1742 689 1798 uni
729 1741 952 1820 magis,
987 1737 1161 1817 quam
1202 1743 1521 1816 universis,

152 1821 374 1898 placere
404 1817 682 1900 voluisti)
711 1835 905 1900 tecum
940 1818 1167 1898 semper
1202 1819 1315 1882 ess‘e
1350 1838 1524 1902 puta·

151 1899 234 1961 bis
251 1948 274 1975 ‚
301 1901 360 1963 8(
389 1899 662 1963 omnibus
703 1901 772 1960 iis
812 1899 984 1960 rebus
1004 1944 1023 1974 ,
1088 1922 1189 1961 uas
1228 1901 1387 1963 dices
1406 1948 1424 1977 ‚
1452 1926 1520 1964 ac

153 1979 987 2063 facie3‚intereffe.‚Reliquum
1016 2000 1049 2041 e
1111 2025 1132 2055 ‚
1150 2000 1217 2040 ut
1244 1987 1302 2042 te'
1332 2002 1529 2057 orem,

145 2079 212 2121 nt
251 2063 566 2125 valetudini
607 2080 720 2123 tuae
741 2106 762 2136 ‚
797 2064 846 2120 si
887 2074 986 2121 'me
1029 2062 1093 2121 δι
1132 2078 1267 2121 tuos
1312 2082 1521 2124 omnes

151 2144 334 2208 valere
371 2146 469 2209 vis
482 2188 506 2221 ,
545 2142 987 2227 diligentissime
1028 2140 1260 2203 servias.
