1998 3814
387 310 591 410 “436
755 315 1409 385 ·EP181·0LAE

429 447 514 490 cet
531 474 554 500 ,
589 447 652 492 ut
671 473 692 504 ,
717 429 822 492 illo
845 430 1118 508 prohibito
1136 474 1159 500 ,
1198 451 1497 512 rogaremus
1518 428 1766 490 alterum
1789 437 1815 502 J

429 509 598 588 quise
629 513 688 569 in
728 507 846 588 ejus
877 509 1055 567 locum
1092 515 1278 587 reponi
1315 528 1578 588 pateretur
1608 513 1650 568 ,Ρ
1676 535 1759 570 an
1792 555 1813 581 ,

425 599 495 649 'ut
526 588 648 668 efflt
675 589 772 668 fui
797 588 948 669 juris
1002 609 1069 647 ac
1112 593 1371 669 mancipii
1414 589 1729 668 respublica
1778 591 1819 647 ?

429 672 544 730 m'si
572 669 718 750 fhrte
759 693 866 730 non
925 670 992 726 de
1034 669 1291 747 servitute
1311 714 1329 741 ,
1357 669 1459 747 sed
1494 671 1558 726 de
1594 673 1821 730 condi-

429 753 574 811 tione
598 750 876 827 serviendi
911 748 1211 827 recusatum
1252 751 1321 829 est
1355 772 1392 806 a
1414 750 1583 809 nobis.
1616 753 1820 832 Atqui

429 851 536 889 non
563 830 743 909 sblicm
783 832 922 891 bono
967 832 1185 890 domino
1230 831 1505 910 potuimus
1540 833 1817 891 Antonio

427 911 655 970 tolerare
689 914 914 990 nostram
935 906 1224 988 fhrttmam
1246 956 1264 984 ‚
1291 910 1397 990 fid
1429 913 1587 969 etiam
1641 913 1821 972 bene-

424 991 572 1066 ficiis
611 1009 770 1070 atque
802 991 1137 1062 honoribus,
1183 1008 1244 1049 ut
1275 991 1607 1071 participes,
1624 990 1767 1070 frui
1790 1036 1815 1062 ‚

428 1074 652 1150 quantis
675 1071 934 1131 vellemus
970 1092 987 1129 .·
1024 1073 1161 1150 quid
1181 1073 1320 1130 enim
1340 1090 1489 1151 neget
1513 1070 1585 1129 iis
1607 1115 1632 1141 ‚
1660 1095 1821 1152 quo-

428 1172 548 1209 rum
578 1153 906 1231 patientiam
952 1153 1159 1210 videret
1200 1153 1497 1210 maximum
1526 1149 1653 1226 suae
1705 1154 1819 1213 do-

425 1233 747 1291 minationis
773 1233 1109 1312 praesidium.
1128 1229 1224 1309 effi
1268 1233 1302 1291 ?
1334 1233 1447 1290 Sed
1478 1231 1627 1291 nihil
1662 1235 1821 1293 tanti

415 1308 539 1391 ficit
561 1353 583 1384 ‚
619 1333 724 1391 quo
759 1314 1107 1372 venderemus
1138 1313 1308 1390 fidem
1346 1312 1569 1390 nostram
1606 1312 1671 1371 ὃ·
1728 1314 1820 1372 Ιί-

427 1392 701 1452 bertatem.
748 1393 865 1451 Hic
905 1391 1019 1471 ipse
1041 1413 1219 1472 puer,
1258 1413 1409 1471 quem
1445 1393 1534 1451 Cae
1559 1395 1688 1452 aris
1710 1415 1821 1453 no·

429 1493 548 1532 men
591 1475 819 1533 incitare
853 1475 1072 1532 videtur
1103 1476 1163 1532 in
1220 1475 1445 1553 Caesaris
1488 1471 1820 1552 interfeffo—

429 1574 514 1616 nes
543 1597 563 1628 ‚
601 1555 796 1633 quanti
835 1554 1045 1631 aestimet
1091 1551 1186 1632 (si
1228 1556 1305 1612 sit
1359 1556 1677 1614 commercio
1723 1557 1823 1616 lo-

429 1631 573 1715 eus)
594 1631 737 1713 pqffe
756 1676 779 1703 ,
801 1634 956 1693 nobis
978 1634 1280 1692 anaor-ibus
1302 1677 1326 1705 ‚
1351 1651 1557 1692 tantum
1578 1677 1601 1703 ,
1626 1657 1825 1713 quan·

429 1731 540 1772 tum
586 1712 818 1794 proflat)
867 1714 1069 1793 poterit
1092 1757 1112 1786 ‚
1157 1715 1415 1792 quoniam
1466 1714 1657 1774 vivere
1682 1760 1707 1788 ,
1762 1716 1822 1776 G*

420 1796 690 1872 pecunias
727 1794 920 1852 habere
952 1837 975 1867 ‚
1021 1794 1077 1852 θ’
1124 1797 1238 1853 dici
1277 1793 1582 1872 consulares
1630 1796 1821 1856 valu-

428 1893 550 1933 mus
571 1876 606 1933 ?
625 1873 868 1935 Cetericm
898 1875 1255 1953 nequicquam
1286 1876 1504 1954 perierit
1526 1873 1627 1933 ille
1659 1895 1691 1947 ‚·
1716 1897 1825 1936 cu-

417 1951 521 2033 jus
569 1956 788 2014 interitu
832 1956 967 2033 quid
1003 1957 1188 2034 gavisi
1216 1955 1407 2034 sumus
1441 1999 1463 2025 ‚
1501 1957 1555 2012 si
1590 1976 1822 2019 mortuo

432 2036 608 2095 nihilh
641 2034 818 2095 minias
855 2035 1111 2107 servituri
1141 2057 1349 2095 eramus
1379 2038 1415 2095 ?
1440 2036 1631 2094 Nulla
1674 2058 1825 2097 cura

430 2116 502 2173 ab
540 2118 674 2175 aliis
709 2116 1055 2174 adhibeatur.
1101 2118 1217 2175 Sed
1251 2117 1383 2175 mihi
1411 2114 1570 2195 priics
1610 2120 1823 2177 omnia

430 2198 514 2255 dii
539 2199 748 2277 deaque
771 2197 1065 2273 eripuerint
1081 2238 1105 2264 ,
1126 2196 1286 2275 qua'm
1310 2196 1460 2254 illud
1471 2192 1775 2272 judicium
1796 2244 1823 2271 ,

430 2295 538 2357 quo
577 2300 704 2337 non·
728 2278 886 2335 modo
937 2277 1129 2335 heredi*
1159 2273 1277 2353 ejus
1304 2320 1323 2347 ‚
1362 2296 1511 2354 quem
1560 2281 1756 2337 occidi
1796 2324 1823 2350 ,

431 2378 540 2416 non
569 2354 898 2434 conceffirim
918 2399 941 2425 ,
979 2358 1129 2433 quod
1160 2359 1217 2415 in
1258 2357 1361 2414 illo
1393 2378 1501 2421 non
1530 2356 1642 2414 tuli
1665 2402 1690 2428 ,
1708 2358 1827 2437 sed

429 2456 496 2494 ne
514 2439 667 2515 patri
688 2438 897 2515 quidem
919 2454 1033 2493 meo
1058 2478 1075 2507 ,
1114 2438 1165 2493 si
1203 2435 1491 2514 reviviscat
1510 2479 1533 2505 ,
1567 2452 1628 2493 ut
1652 2481 1675 2506 ,
1694 2460 1822 2517 pa·-

431 2517 594 2575 tt‘ente
648 2538 728 2575 me
749 2560 768 2587 ,
803 2517 938 2595 plus
989 2516 1198 2595 legibus
1254 2536 1321 2573 ac
1392 2532 1554 2574 enatet
1592 2520 1817 2594 possit.

432 2599 536 2657 Aa
575 2599 675 2656 hoc
713 2596 815 2654 tibi
843 2592 1157 2674 persuasam
1188 2596 1304 2674 est„
1320 2516 1445 2671 he
1484 2613 1695 2655 ceteros
1717 2600 1815 2661 'ab

430 2699 492 2739 eo
531 2678 728 2737 liberos
747 2719 767 2748 ‚
809 2696 913 2752 quo
939 2675 1128 2734 'invito
1168 2676 1323 2734 nobis
1359 2677 1419 2733 in
1455 2675 1554 2753 ista
1574 2676 1815 2736 civitate

428 2759 586 2818 locus
627 2778 735 2820 non
769 2754 842 2812 sit
873 2758 910 2814 ?
947 2755 1068 2835 Qui
1095 2776 1260 2836 porro
1302 2757 1367 2813 id
1384 2799 1403 2829 ‚
1444 2756 1588 2834 quod
1602 2760 1763 2835 petis
1787 2801 1813 2829 ,

417 2838 547 2919 fieri
571 2840 742 2921 petest
757 2848 784 2911 ,'
813 2848 875 2895 ut
907 2835 1157 2914 impetres
1192 2836 1228 2896 ?
1274 2857 1435 2917 rogas
1479 2836 1617 2896 enim
1664 2836 1812 2902 velit
