1998 3814
818 297 845 304 .—

500 371 647 432 'AD
725 360 1234 431 Banu-M.
1393 377 1551 456 437

156 497 299 542 ms.
315 473 517 558 salvos
566 475 682 556 effi.
718 474 779 538 V
770 477 979 535 idemur
1030 497 1150 558 ergo
1187 475 1559 599 tibisslutem

157 559 492 640 accepturi,
526 579 689 636 quum
720 559 891 616 vitam
918 558 1302 636 acceperimus.
1344 579 1507 636 quam
1529 603 1550 632 ,

161 641 229 696 si
243 637 406 717 priics
432 640 759 698 dimittimus
791 639 1106 717 dignitatem
1138 637 1192 696 δ’
1211 638 1508 696 libertatem
1527 681 1554 709 ,

162 716 277 798 qui
296 715 577 797 poffitmus
600 721 845 797 accipere
878 719 913 775 ?
959 719 1060 774 An
1088 735 1145 775 tu
1170 760 1193 787 ,
1227 721 1412 776 Roma:
1437 720 1551 776 lia-

160 799 355 876 bitare
374 843 397 870 ,
435 801 500 856 id
532 817 707 878 putas
736 798 1056 856 incolumem
1090 795 1186 874 ‘ff'
1219 799 1253 855 ?
1284 819 1406 867 res,
1439 817 1552 858 non

162 872 374 960 locus,
414 897 622 958 oportet
646 881 855 958 praestet
885 877 1014 956 istuc
1049 878 1182 934 mihi
1213 898 1230 934 .·
1261 898 1430 956 neque
1457 880 1553 936 in·-

162 959 411 1017 columis
433 955 531 1036 fiti
569 958 775 1036 Caesare
813 959 943 1016 vivo
982 999 1008 1028 ,
1060 958 1174 1014 nisi
1205 958 1548 1036 posteaquam

160 1036 333 1098 illud
358 1039 598 1117 conscivi
629 1035 865 1116 facinus
886 1058 911 1108 ;
947 1058 1118 1114 neque
1147 1035 1367 1114 usquam
1396 1037 1556 1115 exsul

162 1116 275 1196 effi
310 1117 521 1198 poffitm
542 1163 562 1191 ‚
603 1122 731 1176 dum
759 1162 777 1190 ,
807 1117 1014 1196 firvire
1037 1161 1056 1189 ‚
1099 1116 1154 1174 6·
1194 1118 1317 1195 pati
1357 1125 1571 1188 contu-j

162 1199 376 1257 melias
398 1243 417 1270 ‚
453 1196 617 1278 pejus
654 1201 813 1258 odero
870 1197 1037 1254 malis
1090 1197 1335 1255 omnibus
1393 1197 1552 1269 aliis.

165 1281 385 1338 IVonne
416 1279 517 1336 hoc
552 1281 621 1358 est
646 1279 705 1336 iu
738 1278 945 1357 easdem
971 1276 1219 1336 tenebras
1253 1275 1490 1354 recidff·
1514 1279 1548 1334 ?

165 1357 275 1440 ab·
309 1380 368 1418 eo
406 1401 431 1426 ,
482 1361 577 1436 qui
631 1359 858 1435 tyranni
910 1377 1100 1415 nomen
1157 1357 1390 1435 adscivit
1440 1357 1554 1439 sibi

167 1435 392 1518 (quum
423 1440 483 1495 in
512 1439 742 1496 ‘Graecis
777 1437 1096 1496 civitatibus
1147 1437 1303 1494 liberi
1347 1454 1552 1516 tyran-⁸

166 1539 368 1577 norum
396 1560 420 1586 ,
446 1521 720 1598 oppressis
744 1519 864 1576 illis
889 1560 911 1586 ‚
948 1519 1126 1575 eodem
1153 1517 1434 1596 fitpplicio
1457 1515 1556 1594 aff<

152 1595 487 1676 ficiantur)
520 1599 729 1678 petitur
744 1641 767 1667 ,
789 1615 850 1655 ut
882 1597 1132 1654 vindices
1148 1615 1306 1674 atque
1333 1596 1553 1677 oppres:-

153 1677 322 1757 fhres
383 1679 773 1736 dominationis
801 1675 958 1754 salvi
1005 1677 1118 1736 sirit
1156 1677 1189 1732 ?
1240 1679 1408 1735 Hanc
1456 1697 1550 1756 ego

168 1759 456 1818 civitatem
492 1759 679 1816 videre
716 1759 880 1816 velim
912 1799 933 1826 ‚
964 1773 1065 1832 aut
1101 1773 1286 1836 putem
1327 1758 1499 1816 ullam
1529 1801 1550 1828 ‚

169 1859 294 1919 qua
320 1860 388 1896 ne
410 1840 668 1896 traditam
691 1839 903 1917 quidem
932 1852 1093 1915 atque
1126 1837 1452 1896 inculcatam
1480 1839 1554 1894 li·

169 1918 434 1979 bertatem
471 1920 701 1998 recipere
736 1918 915 1998 possit
946 1938 972 1987 ‚-
1011 1917 1242 1998 plusque
1276 1920 1460 1976 timeat
1489 1920 1549 1975 in

156 2020 344 2079 puero
392 2020 582 2058 nomen
609 1998 825 2077 'sublati
854 1999 993 2077 regis
1025 2044 1050 2069 ,
1101 1998 1260 2077 quam
1309 1999 1552 2075 confidat

165 2082 284 2139 sibi
304 2124 323 2151 ‚
361 2101 523 2157 quum
553 2080 713 2138 illum
738 2078 910 2163 ipsitm
935 2120 955 2146 ,
989 2080 1082 2155 qui
1124 2078 1396 2135 maximas-
1421 2098 1551 2155 opes

164 2160 427 2219 habuerit
450 2204 468 2231 ‚
485 2180 785 2239 paucorum
806 2161 1005 2218 virtute
1012 2158 1288 2233 sublatum
1311 2158 1498 2215 videat
1515 2159 1548 2215 ,Ρ

164 2244 278 2303 Me
322 2240 452 2299 vero
484 2240 703 2319 posthac
745 2261 811 2297 ne
834 2238 1304 2297 ‘commendaveris
1343 2235 1550 2314 Caefiiri

167 2339 271 2381 tuo
312 2340 341 2390 ,⁶
381 2342 449 2377 ne
491 2336 541 2377 te
591 2320 803 2397 quidem
846 2315 1018 2397 ipsimi
1051 2361 1072 2386 ,
1115 2317 1166 2373 si
1213 2336 1292 2373 me
1334 2318 1548 2374 audies.
1607 2341 1616 2352 ·

170 2398 360 2464 Valde
382 2400 506 2457 cari
546 2400 781 2478 aestimas>
797 2415 875 2456 tot
897 2418 1073 2455 annos
1099 2438 1120 2464 ‚
1147 2414 1276 2473 quot
1297 2397 1392 2476 ista
1416 2414 1550 2455 aetas

167 2480 374 2560 recipit
398 2522 419 2551 ‚
456 2481 508 2537 si
562 2497 785 2558 propter
827 2497 944 2534 eam
970 2542 973 2545 ⁴
1001 2476 1222 2555 causam
1257 2498 1424 2555 puero
1467 2479 1550 2555 isti

154 2554 588 2641 [applicaturus
622 2580 697 2617 es.
736 2558 957 2615 Deinde
981 2598 1002 2627 ,
1031 2558 1176 2635 quod
1203 2556 1550 2634 pulcherrime}

156 2637 385 2718 fecisti,
418 2660 487 2697 ac
506 2636 664 2715 facis
698 2640 757 2696 irt
804 2634 1088 2705 Antonio,
1131 2638 1259 2694 vide
1303 2659 1368 2694 ne
1409 2657 1552 2694 con-

171 2736 430 2783 vertatur
460 2741 497 2776 a
526 2718 692 2777 laude
734 2716 962 2775 maximi
1012 2717 1181 2774 animi
1217 2717 1294 2773 ad
1327 2717 1550 2793 opinio-

172 2820 299 2863 nem
324 2796 666 2877 formidinis.
705 2800 857 2855 Nam
894 2798 945 2855 si
977 2798 1240 2855 OHavius
1281 2795 1378 2853 tihi
1407 2796 1550 2875 pla-

172 2876 261 2939 cet
282 2922 305 2954 ,
350 2898 389 2937 a
426 2898 530 2961 quo
567 2878 633 2938 de
673 2878 849 2959 nostra
878 2874 1068 2958 fhlute
1094 2876 1379 2957 petendum
1410 2877 1487 2954 fit
1519 2898 1546 2952 ,-

1161 2950 1219 3016 T
1251 2950 1312 3033 iij
