<?xml version="1.0" encoding="UTF-8"?>
<!DOCTYPE html PUBLIC "-//W3C//DTD XHTML 1.0 Transitional//EN"
    "http://www.w3.org/TR/xhtml1/DTD/xhtml1-transitional.dtd">
<html xmlns="http://www.w3.org/1999/xhtml" xml:lang="en" lang="en">
 <head>
  <title>
</title>
<meta http-equiv="Content-Type" content="text/html;charset=utf-8" />
  <meta name='ocr-system' content='tesseract 3.04.00' />
  <meta name='ocr-capabilities' content='ocr_page ocr_carea ocr_par ocr_line ocrx_word'/>
</head>
<body>
  <div class='ocr_page' id='page_1' title='image "./mtulliiciceroni03ernegoog_0253.png"; bbox 0 0 1998 3814; ppageno 0'>
   <div class='ocr_carea' id='block_1_1' title="bbox 1221 195 1252 202">
    <p class='ocr_par' dir='ltr' id='par_1_1' title="bbox 1221 195 1252 202">
     <span class='ocr_line' id='line_1_1' title="bbox 1221 195 1252 202; baseline 0.032 -1"><span class='ocrx_word' id='word_1_1' title='bbox 1221 195 1252 202; x_wconf 39' lang='grc' dir='ltr'><strong>ὴ</strong></span> 
     </span>
    </p>
   </div>
   <div class='ocr_carea' id='block_1_2' title="bbox 174 332 1556 542">
    <p class='ocr_par' dir='ltr' id='par_1_2' title="bbox 174 332 1556 542">
     <span class='ocr_line' id='line_1_2' title="bbox 333 332 1556 442; baseline 0.005 -29"><span class='ocrx_word' id='word_1_2' title='bbox 333 351 459 415; x_wconf 73' lang='grc' dir='ltr'>ἈΒ</span> <span class='ocrx_word' id='word_1_3' title='bbox 487 332 941 415; x_wconf 55' lang='lat' dir='ltr'>fimana.</span> <span class='ocrx_word' id='word_1_4' title='bbox 970 346 1153 423; x_wconf 63' lang='lat' dir='ltr'>Ltm</span> <span class='ocrx_word' id='word_1_5' title='bbox 1183 344 1345 417; x_wconf 83' lang='lat' dir='ltr'>XV.</span> <span class='ocrx_word' id='word_1_6' title='bbox 1397 354 1556 442; x_wconf 69' lang='lat'>&#39;245&#39;</span> 
     </span>
     <span class='ocr_line' id='line_1_3' title="bbox 174 447 1556 542; baseline 0.002 -23"><span class='ocrx_word' id='word_1_7' title='bbox 174 447 329 519; x_wconf 81' lang='lat' dir='ltr'>fuiffe</span> <span class='ocrx_word' id='word_1_8' title='bbox 355 502 377 533; x_wconf 90' lang='lat'><strong>,</strong></span> <span class='ocrx_word' id='word_1_9' title='bbox 417 476 533 534; x_wconf 86' lang='lat' dir='ltr'><strong>ut-,</strong></span> <span class='ocrx_word' id='word_1_10' title='bbox 571 460 673 519; x_wconf 88' lang='lat' dir='ltr'>illo</span> <span class='ocrx_word' id='word_1_11' title='bbox 708 460 873 537; x_wconf 82' lang='lat' dir='ltr'>quasi</span> <span class='ocrx_word' id='word_1_12' title='bbox 913 459 1174 539; x_wconf 84' lang='lat' dir='ltr'><strong>quodam</strong></span> <span class='ocrx_word' id='word_1_13' title='bbox 1203 460 1556 542; x_wconf 78' lang='lat' dir='ltr'>fatali·proe·</span> 
     </span>
    </p>
   </div>
   <div class='ocr_carea' id='block_1_3' title="bbox 158 537 1581 3034">
    <p class='ocr_par' dir='ltr' id='par_1_3' title="bbox 158 537 1581 3034">
     <span class='ocr_line' id='line_1_4' title="bbox 168 537 1558 612; baseline 0.004 -14"><span class='ocrx_word' id='word_1_14' title='bbox 168 538 247 599; x_wconf 84' lang='lat' dir='ltr'>lio</span> <span class='ocrx_word' id='word_1_15' title='bbox 282 539 438 600; x_wconf 71' lang='lat' dir='ltr'>fasto</span> <span class='ocrx_word' id='word_1_16' title='bbox 464 584 483 612; x_wconf 89' lang='lat'>‚</span> <span class='ocrx_word' id='word_1_17' title='bbox 520 542 586 599; x_wconf 89' lang='lat'>&amp;</span> <span class='ocrx_word' id='word_1_18' title='bbox 619 537 870 602; x_wconf 60' lang='lat' dir='ltr'>vissores</span> <span class='ocrx_word' id='word_1_19' title='bbox 900 545 1198 601; x_wconf 83' lang='lat' dir='ltr'><strong>communi</strong></span> <span class='ocrx_word' id='word_1_20' title='bbox 1229 542 1390 603; x_wconf 88' lang='lat' dir='ltr'><strong>saluti</strong></span> <span class='ocrx_word' id='word_1_21' title='bbox 1420 564 1558 603; x_wconf 86' lang='lat' dir='ltr'><strong>con·</strong></span> 
     </span>
     <span class='ocr_line' id='line_1_5' title="bbox 168 618 1555 703; baseline 0.004 -24"><span class='ocrx_word' id='word_1_22' title='bbox 168 618 350 682; x_wconf 78' lang='lat' dir='ltr'>sulere</span> <span class='ocrx_word' id='word_1_23' title='bbox 401 621 629 681; x_wconf 81' lang='lat' dir='ltr'><strong>vellent</strong></span> <span class='ocrx_word' id='word_1_24' title='bbox 650 665 671 694; x_wconf 90' lang='lat'><strong>,</strong></span> <span class='ocrx_word' id='word_1_25' title='bbox 714 620 779 679; x_wconf 88' lang='lat'>&amp;</span> <span class='ocrx_word' id='word_1_26' title='bbox 822 620 955 679; x_wconf 66' lang='lat' dir='ltr'>viai</span> <span class='ocrx_word' id='word_1_27' title='bbox 1001 622 1112 685; x_wconf 82' lang='lat' dir='ltr'>suae</span> <span class='ocrx_word' id='word_1_28' title='bbox 1155 644 1172 681; x_wconf 69' lang='grc' dir='ltr'>ε</span> <span class='ocrx_word' id='word_1_29' title='bbox 1242 630 1555 703; x_wconf 68' lang='lat' dir='ltr'><strong>utrumque}</strong></span> 
     </span>
     <span class='ocr_line' id='line_1_6' title="bbox 168 697 1552 781; baseline 0.003 -21"><span class='ocrx_word' id='word_1_30' title='bbox 168 707 369 761; x_wconf 86' lang='lat' dir='ltr'><strong>aute&#39;m</strong></span> <span class='ocrx_word' id='word_1_31' title='bbox 414 704 706 781; x_wconf 85' lang='lat' dir='ltr'>positum·</span> <span class='ocrx_word' id='word_1_32' title='bbox 726 697 839 759; x_wconf 86' lang='lat' dir='ltr'>esse</span> <span class='ocrx_word' id='word_1_33' title='bbox 882 702 1196 767; x_wconf 77' lang='lat' dir='ltr'>arbitrabar</span> <span class='ocrx_word' id='word_1_34' title='bbox 1233 707 1292 764; x_wconf 86' lang='lat' dir='ltr'>in</span> <span class='ocrx_word' id='word_1_35' title='bbox 1332 705 1552 765; x_wconf 83' lang='lat' dir='ltr'>celeri-</span> 
     </span>
     <span class='ocr_line' id='line_1_7' title="bbox 166 779 1554 858; baseline 0.003 -17"><span class='ocrx_word' id='word_1_36' title='bbox 166 798 287 841; x_wconf 85' lang='lat' dir='ltr'><strong>tate</strong></span> <span class='ocrx_word' id='word_1_37' title='bbox 344 780 609 841; x_wconf 54' lang='lat' dir='ltr'>vietoris.</span> <span class='ocrx_word' id='word_1_38' title='bbox 670 779 853 858; x_wconf 83' lang='lat' dir='ltr'>Quae</span> <span class='ocrx_word' id='word_1_39' title='bbox 888 784 937 841; x_wconf 83' lang='lat' dir='ltr'>si</span> <span class='ocrx_word' id='word_1_40' title='bbox 994 782 1180 843; x_wconf 81' lang='lat' dir='ltr'>fuisset</span> <span class='ocrx_word' id='word_1_41' title='bbox 1205 828 1226 857; x_wconf 87' lang='lat'><strong>‚</strong></span> <span class='ocrx_word' id='word_1_42' title='bbox 1279 786 1554 845; x_wconf 76' lang='lat' dir='ltr'><strong>eamdem</strong></span> 
     </span>
     <span class='ocr_line' id='line_1_8' title="bbox 172 860 1554 945; baseline 0.004 -24"><span class='ocrx_word' id='word_1_43' title='bbox 172 862 557 923; x_wconf 73' lang='lat' dir='ltr'><strong>clementiam</strong></span> <span class='ocrx_word' id='word_1_44' title='bbox 604 878 843 941; x_wconf 82' lang='lat' dir='ltr'><strong>experta</strong></span> <span class='ocrx_word' id='word_1_45' title='bbox 885 860 1024 924; x_wconf 82' lang='lat' dir='ltr'><strong>effet</strong></span> <span class='ocrx_word' id='word_1_46' title='bbox 1063 862 1262 925; x_wconf 86' lang='lat' dir='ltr'>Africa</span> <span class='ocrx_word' id='word_1_47' title='bbox 1300 910 1320 939; x_wconf 89' lang='lat'>‚</span> <span class='ocrx_word' id='word_1_48' title='bbox 1377 886 1554 945; x_wconf 83' lang='lat' dir='ltr'><strong>quam</strong></span> 
     </span>
     <span class='ocr_line' id='line_1_9' title="bbox 171 942 1558 1025; baseline 0.002 -23"><span class='ocrx_word' id='word_1_49' title='bbox 171 945 467 1025; x_wconf 85' lang='lat' dir='ltr'><strong>cognovit</strong></span> <span class='ocrx_word' id='word_1_50' title='bbox 507 942 651 1003; x_wconf 88' lang='lat' dir='ltr'>Asia</span> <span class='ocrx_word' id='word_1_51' title='bbox 674 987 693 1014; x_wconf 95' lang='lat'>,</span> <span class='ocrx_word' id='word_1_52' title='bbox 729 962 901 1024; x_wconf 81' lang='lat' dir='ltr'><strong>quam</strong></span> <span class='ocrx_word' id='word_1_53' title='bbox 932 946 1111 1003; x_wconf 86' lang='lat' dir='ltr'><strong>etiam</strong></span> <span class='ocrx_word' id='word_1_54' title='bbox 1148 944 1408 1017; x_wconf 75' lang='lat' dir='ltr'><strong>Achaia3</strong></span> <span class='ocrx_word' id='word_1_55' title='bbox 1447 946 1558 1021; x_wconf 55' lang='grc' dir='ltr'>δι,</span> 
     </span>
     <span class='ocr_line' id='line_1_10' title="bbox 158 1022 1560 1105; baseline 0.003 -22"><span class='ocrx_word' id='word_1_56' title='bbox 158 1042 237 1085; x_wconf 79' lang='lat' dir='ltr'>ut</span> <span class='ocrx_word' id='word_1_57' title='bbox 292 1024 517 1103; x_wconf 88' lang='lat' dir='ltr'>opinor</span> <span class='ocrx_word' id='word_1_58' title='bbox 554 1066 575 1095; x_wconf 91' lang='lat'><strong>,</strong></span> <span class='ocrx_word' id='word_1_59' title='bbox 600 1088 607 1092; x_wconf 56' lang='grc'>,</span> <span class='ocrx_word' id='word_1_60' title='bbox 632 1022 755 1103; x_wconf 86' lang='lat' dir='ltr'>ipso</span> <span class='ocrx_word' id='word_1_61' title='bbox 802 1023 995 1105; x_wconf 79' lang='lat' dir='ltr'><strong>legato</strong></span> <span class='ocrx_word' id='word_1_62' title='bbox 1037 1046 1106 1084; x_wconf 73' lang='lat' dir='ltr'>ac</span> <span class='ocrx_word' id='word_1_63' title='bbox 1153 1024 1560 1105; x_wconf 78' lang='lat' dir='ltr'><strong>deprecatore.</strong></span> 
     </span>
     <span class='ocr_line' id='line_1_11' title="bbox 175 1103 1559 1185; baseline 0.003 -22"><span class='ocrx_word' id='word_1_64' title='bbox 175 1103 430 1163; x_wconf 80' lang='lat' dir='ltr'>Amissis</span> <span class='ocrx_word' id='word_1_65' title='bbox 483 1120 679 1163; x_wconf 85' lang='lat' dir='ltr'><strong>autem</strong></span> <span class='ocrx_word' id='word_1_66' title='bbox 718 1121 841 1163; x_wconf 87' lang='lat' dir='ltr'>tem</span> <span class='ocrx_word' id='word_1_67' title='bbox 882 1104 1080 1165; x_wconf 86' lang='lat' dir='ltr'>oribus</span> <span class='ocrx_word' id='word_1_68' title='bbox 1123 1149 1144 1178; x_wconf 91' lang='lat'>‚</span> <span class='ocrx_word' id='word_1_69' title='bbox 1197 1126 1324 1185; x_wconf 86' lang='lat' dir='ltr'>quae</span> <span class='ocrx_word' id='word_1_70' title='bbox 1368 1106 1559 1185; x_wconf 71' lang='lat' dir='ltr'>pluri-2</span> 
     </span>
     <span class='ocr_line' id='line_1_12' title="bbox 178 1183 1562 1265; baseline 0.001 -22"><span class='ocrx_word' id='word_1_71' title='bbox 178 1186 344 1244; x_wconf 74' lang='lat' dir='ltr'>miim</span> <span class='ocrx_word' id='word_1_72' title='bbox 389 1183 591 1257; x_wconf 84' lang='lat' dir='ltr'><strong>valent</strong></span> <span class='ocrx_word' id='word_1_73' title='bbox 632 1229 653 1257; x_wconf 90' lang='lat'><strong>,</strong></span> <span class='ocrx_word' id='word_1_74' title='bbox 705 1187 822 1265; x_wconf 56' lang='grc' dir='ltr'>ᾗτε</span> <span class='ocrx_word' id='word_1_75' title='bbox 848 1187 1016 1245; x_wconf 88' lang='lat' dir='ltr'>ertim</span> <span class='ocrx_word' id='word_1_76' title='bbox 1056 1188 1116 1245; x_wconf 89' lang='lat' dir='ltr'>in</span> <span class='ocrx_word' id='word_1_77' title='bbox 1156 1185 1326 1247; x_wconf 89' lang='lat' dir='ltr'>bellis</span> <span class='ocrx_word' id='word_1_78' title='bbox 1363 1186 1562 1249; x_wconf 84' lang='lat' dir='ltr'>civili-</span> 
     </span>
     <span class='ocr_line' id='line_1_13' title="bbox 182 1264 1581 1345; baseline 0.002 -21"><span class='ocrx_word' id='word_1_79' title='bbox 182 1264 289 1325; x_wconf 71' lang='lat' dir='ltr'>bfls</span> <span class='ocrx_word' id='word_1_80' title='bbox 318 1299 339 1338; x_wconf 67' lang='lat'><em>3</em></span> <span class='ocrx_word' id='word_1_81' title='bbox 394 1266 771 1345; x_wconf 86' lang='lat' dir='ltr'>interpositus·</span> <span class='ocrx_word' id='word_1_82' title='bbox 818 1284 997 1323; x_wconf 81' lang='lat' dir='ltr'><strong>annus</strong></span> <span class='ocrx_word' id='word_1_83' title='bbox 1047 1264 1190 1325; x_wconf 84' lang='lat' dir='ltr'>alios</span> <span class='ocrx_word' id='word_1_84' title='bbox 1231 1266 1452 1327; x_wconf 78' lang='lat' dir='ltr'>induxit</span> <span class='ocrx_word' id='word_1_85' title='bbox 1489 1284 1581 1339; x_wconf 17' lang='lat' dir='ltr'>ut*</span> 
     </span>
     <span class='ocr_line' id='line_1_14' title="bbox 176 1344 1561 1427; baseline 0.001 -20"><span class='ocrx_word' id='word_1_86' title='bbox 176 1345 483 1409; x_wconf 63' lang='lat' dir='ltr'>vistoriam</span> <span class='ocrx_word' id='word_1_87' title='bbox 514 1344 807 1427; x_wconf 83' lang='lat' dir='ltr'>sperarent</span> <span class='ocrx_word' id='word_1_88' title='bbox 829 1389 850 1418; x_wconf 89' lang='lat'><strong>,</strong></span> <span class='ocrx_word' id='word_1_89' title='bbox 874 1346 1026 1406; x_wconf 69' lang='lat' dir='ltr'>‘alios</span> <span class='ocrx_word' id='word_1_90' title='bbox 1049 1391 1070 1420; x_wconf 87' lang='lat'>‚</span> <span class='ocrx_word' id='word_1_91' title='bbox 1099 1362 1162 1405; x_wconf 90' lang='lat' dir='ltr'>ut</span> <span class='ocrx_word' id='word_1_92' title='bbox 1191 1345 1374 1427; x_wconf 85' lang='lat' dir='ltr'>ipsum</span> <span class='ocrx_word' id='word_1_93' title='bbox 1398 1350 1561 1421; x_wconf 68' lang='lat' dir='ltr'>vinci</span> 
     </span>
     <span class='ocr_line' id='line_1_15' title="bbox 182 1425 1560 1506; baseline 0.001 -19"><span class='ocrx_word' id='word_1_94' title='bbox 182 1444 651 1487; x_wconf 85' lang='lat' dir='ltr'><strong>contemnerent.</strong></span> <span class='ocrx_word' id='word_1_95' title='bbox 720 1425 919 1506; x_wconf 87' lang='lat' dir='ltr'><strong>Atque</strong></span> <span class='ocrx_word' id='word_1_96' title='bbox 990 1426 1201 1486; x_wconf 86' lang='lat' dir='ltr'>horum</span> <span class='ocrx_word' id='word_1_97' title='bbox 1271 1428 1560 1489; x_wconf 81' lang='lat' dir='ltr'>malorum</span> 
     </span>
     <span class='ocr_line' id='line_1_16' title="bbox 185 1502 1560 1587; baseline -0.001 -19"><span class='ocrx_word' id='word_1_98' title='bbox 185 1510 455 1568; x_wconf 69' lang='lat' dir='ltr'><strong>omniurn</strong></span> <span class='ocrx_word' id='word_1_99' title='bbox 508 1508 739 1587; x_wconf 87' lang='lat' dir='ltr'><strong>culpam</strong></span> <span class='ocrx_word' id='word_1_100' title='bbox 795 1502 1028 1566; x_wconf 74' lang='lat' dir='ltr'>fortuna</span> <span class='ocrx_word' id='word_1_101' title='bbox 1082 1503 1332 1567; x_wconf 89' lang='lat' dir='ltr'>sustinet.</span> <span class='ocrx_word' id='word_1_102' title='bbox 1400 1506 1560 1585; x_wconf 83' lang='lat' dir='ltr'>Quis</span> 
     </span>
     <span class='ocr_line' id='line_1_17' title="bbox 184 1586 1560 1649; baseline 0 0"><span class='ocrx_word' id='word_1_103' title='bbox 184 1592 343 1649; x_wconf 86' lang='lat' dir='ltr'><strong>enim</strong></span> <span class='ocrx_word' id='word_1_104' title='bbox 377 1604 477 1647; x_wconf 87' lang='lat' dir='ltr'>aut</span> <span class='ocrx_word' id='word_1_105' title='bbox 511 1586 889 1647; x_wconf 83' lang='lat' dir='ltr'><strong>Alexandrini</strong></span> <span class='ocrx_word' id='word_1_106' title='bbox 909 1588 1055 1647; x_wconf 81' lang='lat' dir='ltr'>beni</span> <span class='ocrx_word' id='word_1_107' title='bbox 1088 1604 1305 1649; x_wconf 86' lang='lat' dir='ltr'><strong>tantam</strong></span> <span class='ocrx_word' id='word_1_108' title='bbox 1332 1608 1560 1649; x_wconf 85' lang='lat' dir='ltr'>moram</span> 
     </span>
     <span class='ocr_line' id='line_1_18' title="bbox 184 1665 1564 1743; baseline 0.001 -16"><span class='ocrx_word' id='word_1_109' title='bbox 184 1669 319 1729; x_wconf 84' lang='lat' dir='ltr'>huie</span> <span class='ocrx_word' id='word_1_110' title='bbox 388 1668 551 1728; x_wconf 78' lang='lat' dir='ltr'><strong>bello</strong></span> <span class='ocrx_word' id='word_1_111' title='bbox 615 1665 945 1742; x_wconf 65' lang='lat' dir='ltr'><strong>a&#39;d&#39;iun&#39;tfihim</strong></span> <span class='ocrx_word' id='word_1_112' title='bbox 1009 1668 1079 1727; x_wconf 83' lang='lat' dir='ltr'>ir&#39;i</span> <span class='ocrx_word' id='word_1_113' title='bbox 1124 1714 1143 1743; x_wconf 91' lang='lat'>‚</span> <span class='ocrx_word' id='word_1_114' title='bbox 1208 1684 1325 1729; x_wconf 84' lang='lat' dir='ltr'><strong>aut.</strong></span> <span class='ocrx_word' id='word_1_115' title='bbox 1363 1667 1564 1729; x_wconf 83' lang='lat' dir='ltr'>nescio</span> 
     </span>
     <span class='ocr_line' id='line_1_19' title="bbox 187 1745 1564 1829; baseline 0 -19"><span class='ocrx_word' id='word_1_116' title='bbox 187 1768 366 1829; x_wconf 82' lang='lat' dir='ltr'><strong>quem</strong></span> <span class='ocrx_word' id='word_1_117' title='bbox 426 1748 597 1809; x_wconf 85' lang='lat' dir='ltr'>istum</span> <span class='ocrx_word' id='word_1_118' title='bbox 649 1746 1004 1808; x_wconf 78' lang='lat' dir='ltr'><strong>Pharnacem</strong></span> <span class='ocrx_word' id='word_1_119' title='bbox 1033 1745 1219 1807; x_wconf 75' lang='lat' dir='ltr'>-As‘rae</span> <span class='ocrx_word' id='word_1_120' title='bbox 1277 1768 1564 1810; x_wconf 80' lang='lat' dir='ltr'>terrorem</span> 
     </span>
     <span class='ocr_line' id='line_1_20' title="bbox 182 1827 1566 1911; baseline 0 -22"><span class='ocrx_word' id='word_1_121' title='bbox 182 1831 479 1891; x_wconf 86' lang='lat' dir='ltr'><strong>illaturum</strong></span> <span class='ocrx_word' id='word_1_122' title='bbox 519 1846 747 1911; x_wconf 79' lang='lat' dir='ltr'><strong>putaret</strong></span> <span class='ocrx_word' id='word_1_123' title='bbox 784 1828 805 1888; x_wconf 76' lang='grc' dir='ltr'><strong><em>ἓ</em></strong></span> <span class='ocrx_word' id='word_1_124' title='bbox 855 1827 985 1889; x_wconf 81' lang='lat' dir='ltr'>Nos</span> <span class='ocrx_word' id='word_1_125' title='bbox 1025 1845 1221 1889; x_wconf 83' lang='lat' dir='ltr'><strong>tamen</strong></span> <span class='ocrx_word' id='word_1_126' title='bbox 1245 1873 1264 1901; x_wconf 93' lang='lat'><strong>‚</strong></span> <span class='ocrx_word' id='word_1_127' title='bbox 1303 1832 1364 1888; x_wconf 88' lang='lat' dir='ltr'>in</span> <span class='ocrx_word' id='word_1_128' title='bbox 1406 1852 1566 1891; x_wconf 84' lang='lat' dir='ltr'><strong>con-</strong></span> 
     </span>
     <span class='ocr_line' id='line_1_21' title="bbox 188 1909 1566 1994; baseline 0 -22"><span class='ocrx_word' id='word_1_129' title='bbox 188 1914 320 1972; x_wconf 81' lang='lat' dir='ltr'>silio</span> <span class='ocrx_word' id='word_1_130' title='bbox 357 1913 486 1994; x_wconf 83' lang='lat' dir='ltr'>pari</span> <span class='ocrx_word' id='word_1_131' title='bbox 516 1923 543 1986; x_wconf 81' lang='lat'>&#39;‚</span> <span class='ocrx_word' id='word_1_132' title='bbox 586 1909 713 1970; x_wconf 87' lang='lat' dir='ltr'>casu</span> <span class='ocrx_word' id='word_1_133' title='bbox 754 1909 1016 1970; x_wconf 78' lang='lat' dir='ltr'>dissimili</span> <span class='ocrx_word' id='word_1_134' title='bbox 1055 1913 1144 1970; x_wconf 88' lang='lat' dir='ltr'>usi</span> <span class='ocrx_word' id='word_1_135' title='bbox 1187 1909 1376 1974; x_wconf 85' lang='lat' dir='ltr'>sumus</span> <span class='ocrx_word' id='word_1_136' title='bbox 1419 1935 1434 1971; x_wconf 75' lang='lat' dir='ltr'><strong>t</strong></span> <span class='ocrx_word' id='word_1_137' title='bbox 1497 1929 1566 1972; x_wconf 79' lang='lat' dir='ltr'>tu</span> 
     </span>
     <span class='ocr_line' id='line_1_22' title="bbox 188 1989 1564 2072; baseline -0.002 -19"><span class='ocrx_word' id='word_1_138' title='bbox 188 1995 351 2053; x_wconf 86' lang='lat' dir='ltr'><strong>enim</strong></span> <span class='ocrx_word' id='word_1_139' title='bbox 391 2011 525 2054; x_wconf 84' lang='lat' dir='ltr'>eam</span> <span class='ocrx_word' id='word_1_140' title='bbox 564 2009 789 2072; x_wconf 84' lang='lat' dir='ltr'><strong>partem</strong></span> <span class='ocrx_word' id='word_1_141' title='bbox 837 1989 1020 2070; x_wconf 91' lang='lat' dir='ltr'>petisti</span> <span class='ocrx_word' id='word_1_142' title='bbox 1047 2035 1065 2063; x_wconf 93' lang='lat'>,</span> <span class='ocrx_word' id='word_1_143' title='bbox 1111 2007 1176 2050; x_wconf 79' lang='lat' dir='ltr'>ut</span> <span class='ocrx_word' id='word_1_144' title='bbox 1209 1991 1272 2050; x_wconf 88' lang='lat'>&amp;</span> <span class='ocrx_word' id='word_1_145' title='bbox 1307 1991 1564 2057; x_wconf 72' lang='lat' dir='ltr'>consiliis</span> 
     </span>
     <span class='ocr_line' id='line_1_23' title="bbox 184 2071 1565 2152; baseline -0.002 -19"><span class='ocrx_word' id='word_1_146' title='bbox 184 2072 485 2134; x_wconf 80' lang='lat' dir='ltr'>interesses</span> <span class='ocrx_word' id='word_1_147' title='bbox 506 2115 529 2146; x_wconf 84' lang='lat'><strong><em>‚</em></strong></span> <span class='ocrx_word' id='word_1_148' title='bbox 559 2071 659 2144; x_wconf 72' lang='grc' dir='ltr'>δί,</span> <span class='ocrx_word' id='word_1_149' title='bbox 690 2071 847 2152; x_wconf 84' lang='lat' dir='ltr'>quod</span> <span class='ocrx_word' id='word_1_150' title='bbox 873 2071 1134 2133; x_wconf 66' lang='lat' dir='ltr'><strong>maxime</strong></span> <span class='ocrx_word' id='word_1_151' title='bbox 1155 2092 1347 2133; x_wconf 83' lang='lat' dir='ltr'><strong>curam</strong></span> <span class='ocrx_word' id='word_1_152' title='bbox 1373 2072 1565 2144; x_wconf 83' lang='lat' dir='ltr'><strong>levat,</strong></span> 
     </span>
     <span class='ocr_line' id='line_1_24' title="bbox 184 2149 1568 2232; baseline -0.003 -17"><span class='ocrx_word' id='word_1_153' title='bbox 184 2153 386 2215; x_wconf 79' lang='lat' dir='ltr'><strong>futura</strong></span> <span class='ocrx_word' id='word_1_154' title='bbox 418 2156 613 2212; x_wconf 87' lang='lat' dir='ltr'><strong>animo</strong></span> <span class='ocrx_word' id='word_1_155' title='bbox 649 2150 794 2232; x_wconf 90' lang='lat' dir='ltr'>pros</span> <span class='ocrx_word' id='word_1_156' title='bbox 824 2153 974 2212; x_wconf 78' lang='lat' dir='ltr'>icere</span> <span class='ocrx_word' id='word_1_157' title='bbox 1013 2149 1239 2230; x_wconf 80' lang='lat' dir='ltr'>poffes:</span> <span class='ocrx_word' id='word_1_158' title='bbox 1272 2171 1385 2231; x_wconf 84' lang='lat' dir='ltr'>ego</span> <span class='ocrx_word' id='word_1_159' title='bbox 1409 2195 1428 2222; x_wconf 95' lang='lat'>,</span> <span class='ocrx_word' id='word_1_160' title='bbox 1463 2153 1568 2230; x_wconf 86' lang='lat' dir='ltr'>qui</span> 
     </span>
     <span class='ocr_line' id='line_1_25' title="bbox 186 2229 1566 2306; baseline -0.004 -10"><span class='ocrx_word' id='word_1_161' title='bbox 186 2234 499 2306; x_wconf 83' lang='lat' dir='ltr'>festinavi,</span> <span class='ocrx_word' id='word_1_162' title='bbox 540 2252 606 2293; x_wconf 89' lang='lat' dir='ltr'>ut</span> <span class='ocrx_word' id='word_1_163' title='bbox 655 2231 759 2292; x_wconf 84' lang='lat' dir='ltr'>Cae</span> <span class='ocrx_word' id='word_1_164' title='bbox 789 2251 947 2292; x_wconf 86' lang='lat' dir='ltr'>arem</span> <span class='ocrx_word' id='word_1_165' title='bbox 994 2234 1054 2290; x_wconf 86' lang='lat' dir='ltr'>in</span> <span class='ocrx_word' id='word_1_166' title='bbox 1101 2229 1262 2291; x_wconf 84' lang='lat' dir='ltr'><strong>Italia</strong></span> <span class='ocrx_word' id='word_1_167' title='bbox 1296 2230 1566 2295; x_wconf 82' lang='lat' dir='ltr'>viderem.</span> 
     </span>
     <span class='ocr_line' id='line_1_26' title="bbox 188 2311 1565 2398; baseline -0.001 -24"><span class='ocrx_word' id='word_1_168' title='bbox 188 2314 217 2398; x_wconf 91' lang='lat'><strong>(</strong></span> <span class='ocrx_word' id='word_1_169' title='bbox 252 2319 336 2374; x_wconf 88' lang='lat' dir='ltr'>sic</span> <span class='ocrx_word' id='word_1_170' title='bbox 370 2318 527 2380; x_wconf 87' lang='lat' dir='ltr'><strong>enim</strong></span> <span class='ocrx_word' id='word_1_171' title='bbox 562 2312 981 2374; x_wconf 75' lang='lat' dir='ltr'><strong>arbitrabamur,</strong></span> <span class='ocrx_word' id='word_1_172' title='bbox 1009 2311 1036 2392; x_wconf 96' lang='lat'>)</span> <span class='ocrx_word' id='word_1_173' title='bbox 1080 2331 1332 2392; x_wconf 83' lang='lat' dir='ltr'><strong>eumque</strong></span> <span class='ocrx_word' id='word_1_174' title='bbox 1367 2313 1565 2372; x_wconf 80' lang='lat' dir='ltr'>multis</span> 
     </span>
     <span class='ocr_line' id='line_1_27' title="bbox 186 2391 1568 2466; baseline -0.003 -10"><span class='ocrx_word' id='word_1_175' title='bbox 186 2393 609 2456; x_wconf 76' lang='lat' dir='ltr'>honestissimis</span> <span class='ocrx_word' id='word_1_176' title='bbox 641 2394 776 2453; x_wconf 87' lang='lat' dir='ltr'>viris</span> <span class='ocrx_word' id='word_1_177' title='bbox 810 2391 1157 2454; x_wconf 83' lang='lat' dir='ltr'>conservatis</span> <span class='ocrx_word' id='word_1_178' title='bbox 1188 2394 1524 2454; x_wconf 80' lang='lat' dir='ltr'><strong>redeuntem</strong></span> <span class='ocrx_word' id='word_1_179' title='bbox 1545 2433 1568 2466; x_wconf 83' lang='lat'><strong>,</strong></span> 
     </span>
     <span class='ocr_line' id='line_1_28' title="bbox 189 2475 1567 2557; baseline -0.004 -20"><span class='ocrx_word' id='word_1_180' title='bbox 189 2477 268 2536; x_wconf 83' lang='lat' dir='ltr'>ad</span> <span class='ocrx_word' id='word_1_181' title='bbox 316 2495 533 2557; x_wconf 82' lang='lat' dir='ltr'><strong>pacem</strong></span> <span class='ocrx_word' id='word_1_182' title='bbox 571 2491 894 2534; x_wconf 83' lang='lat' dir='ltr'><strong>currentem</strong></span> <span class='ocrx_word' id='word_1_183' title='bbox 926 2519 946 2545; x_wconf 88' lang='lat'>‚</span> <span class='ocrx_word' id='word_1_184' title='bbox 1001 2492 1066 2533; x_wconf 92' lang='lat' dir='ltr'>ut</span> <span class='ocrx_word' id='word_1_185' title='bbox 1099 2475 1256 2535; x_wconf 77' lang='lat' dir='ltr'><strong>aiunt</strong></span> <span class='ocrx_word' id='word_1_186' title='bbox 1283 2517 1302 2546; x_wconf 86' lang='lat'><strong>,</strong></span> <span class='ocrx_word' id='word_1_187' title='bbox 1350 2476 1567 2532; x_wconf 83' lang='lat' dir='ltr'><strong>incita-</strong></span> 
     </span>
     <span class='ocr_line' id='line_1_29' title="bbox 191 2550 1569 2636; baseline -0.004 -18"><span class='ocrx_word' id='word_1_188' title='bbox 191 2577 319 2618; x_wconf 87' lang='lat' dir='ltr'>rem</span> <span class='ocrx_word' id='word_1_189' title='bbox 366 2577 387 2628; x_wconf 86' lang='lat'>·,</span> <span class='ocrx_word' id='word_1_190' title='bbox 432 2555 507 2614; x_wconf 91' lang='lat' dir='ltr'>ab</span> <span class='ocrx_word' id='word_1_191' title='bbox 556 2555 657 2614; x_wconf 86' lang='lat' dir='ltr'>illo</span> <span class='ocrx_word' id='word_1_192' title='bbox 700 2550 1044 2636; x_wconf 59' lang='lat' dir='ltr'>&#39;longissime</span> <span class='ocrx_word' id='word_1_193' title='bbox 1096 2553 1161 2612; x_wconf 88' lang='lat'>&amp;</span> <span class='ocrx_word' id='word_1_194' title='bbox 1219 2552 1456 2622; x_wconf 82' lang='lat' dir='ltr'><strong>absum,</strong></span> <span class='ocrx_word' id='word_1_195' title='bbox 1502 2553 1569 2612; x_wconf 83' lang='lat'>&amp;</span> 
     </span>
     <span class='ocr_line' id='line_1_30' title="bbox 191 2631 1570 2714; baseline -0.007 -16"><span class='ocrx_word' id='word_1_196' title='bbox 191 2637 380 2698; x_wconf 68' lang='lat' dir='ltr'>abfui.</span> <span class='ocrx_word' id='word_1_197' title='bbox 441 2633 659 2696; x_wconf 89' lang='lat' dir='ltr'>Versor</span> <span class='ocrx_word' id='word_1_198' title='bbox 714 2651 908 2694; x_wconf 83' lang='lat' dir='ltr'><strong>autem</strong></span> <span class='ocrx_word' id='word_1_199' title='bbox 956 2635 1018 2691; x_wconf 90' lang='lat' dir='ltr'>in</span> <span class='ocrx_word' id='word_1_200' title='bbox 1065 2634 1282 2714; x_wconf 83' lang='lat' dir='ltr'><strong>gemitu</strong></span> <span class='ocrx_word' id='word_1_201' title='bbox 1325 2631 1504 2696; x_wconf 68' lang='lat' dir='ltr'><strong>Italiae,</strong></span> <span class='ocrx_word' id='word_1_202' title='bbox 1545 2671 1570 2704; x_wconf 79' lang='lat'>‚</span> 
     </span>
     <span class='ocr_line' id='line_1_31' title="bbox 192 2713 1573 2792; baseline -0.006 -14"><span class='ocrx_word' id='word_1_203' title='bbox 192 2719 262 2778; x_wconf 89' lang='lat'>&amp;</span> <span class='ocrx_word' id='word_1_204' title='bbox 310 2719 372 2776; x_wconf 88' lang='lat' dir='ltr'>in</span> <span class='ocrx_word' id='word_1_205' title='bbox 428 2714 596 2775; x_wconf 80' lang='lat' dir='ltr'>urbis·</span> <span class='ocrx_word' id='word_1_206' title='bbox 636 2713 959 2776; x_wconf 85' lang='lat' dir='ltr'>miserrimis</span> <span class='ocrx_word' id='word_1_207' title='bbox 1016 2713 1260 2792; x_wconf 78' lang='lat' dir='ltr'>querelis</span> <span class='ocrx_word' id='word_1_208' title='bbox 1303 2731 1318 2768; x_wconf 70' lang='grc' dir='ltr'>ι</span> <span class='ocrx_word' id='word_1_209' title='bbox 1359 2713 1573 2791; x_wconf 73' lang='lat' dir='ltr'>quibus</span> 
     </span>
     <span class='ocr_line' id='line_1_32' title="bbox 192 2789 1568 2884; baseline -0.005 -24"><span class='ocrx_word' id='word_1_210' title='bbox 192 2793 419 2878; x_wconf 84' lang='lat' dir='ltr'>aliquid</span> <span class='ocrx_word' id='word_1_211' title='bbox 468 2789 598 2875; x_wconf 81' lang='lat' dir='ltr'>opis</span> <span class='ocrx_word' id='word_1_212' title='bbox 652 2791 883 2855; x_wconf 84' lang='lat' dir='ltr'>fortasse</span> <span class='ocrx_word' id='word_1_213' title='bbox 938 2811 1056 2884; x_wconf 76' lang='lat' dir='ltr'>ego</span> <span class='ocrx_word' id='word_1_214' title='bbox 1104 2813 1210 2870; x_wconf 89' lang='lat' dir='ltr'>pro</span> <span class='ocrx_word' id='word_1_215' title='bbox 1259 2811 1392 2850; x_wconf 84' lang='lat' dir='ltr'>mea</span> <span class='ocrx_word' id='word_1_216' title='bbox 1422 2836 1442 2864; x_wconf 88' lang='lat'>‚</span> <span class='ocrx_word' id='word_1_217' title='bbox 1501 2807 1568 2853; x_wconf 80' lang='lat' dir='ltr'>tu</span> 
     </span>
     <span class='ocr_line' id='line_1_33' title="bbox 192 2870 1568 3014; baseline -0.003 -74"><span class='ocrx_word' id='word_1_218' title='bbox 192 2899 307 2964; x_wconf 73' lang='lat' dir='ltr'>pro</span> <span class='ocrx_word' id='word_1_219' title='bbox 372 2895 473 2940; x_wconf 88' lang='lat' dir='ltr'>tua</span> <span class='ocrx_word' id='word_1_220' title='bbox 513 2920 538 2948; x_wconf 87' lang='lat'>‚</span> <span class='ocrx_word' id='word_1_221' title='bbox 586 2897 697 2958; x_wconf 84' lang='lat' dir='ltr'>pro</span> <span class='ocrx_word' id='word_1_222' title='bbox 751 2874 849 2962; x_wconf 69' lang='lat' dir='ltr'>sua</span> <span class='ocrx_word' id='word_1_223' title='bbox 909 2870 1150 2954; x_wconf 70' lang='lat' dir='ltr'>quasque</span> <span class='ocrx_word' id='word_1_224' title='bbox 1186 2888 1366 3014; x_wconf 52' lang='lat' dir='ltr'><strong>fiai-te</strong></span> <span class='ocrx_word' id='word_1_225' title='bbox 1415 2871 1568 2937; x_wconf 84' lang='lat' dir='ltr'>ferre</span> 
     </span>
     <span class='ocr_line' id='line_1_34' title="bbox 1263 2974 1325 3034; baseline -0.032 -20"><span class='ocrx_word' id='word_1_226' title='bbox 1263 2974 1325 3034; x_wconf 74' lang='lat'>¹¹1</span> 
     </span>
    </p>
   </div>
  </div>
 </body>
</html>
