1998 3814
303 371 431 436 'AD
468 367 922 437 Faunum.
955 365 1134 436 Lm.
1164 365 1330 437 XV.
1381 381 1527 460 223

135 487 270 538 <nec
309 480 660 557 opinantem
705 477 944 539 liberavi
971 493 992 550 ;
1022 495 1212 559 neque
1250 477 1435 540 solum
1472 481 1529 540 ei

143 557 326 618 saluti
357 557 444 617 fui
461 598 480 628 ,
501 557 603 617 sed
633 561 809 618 etiarn
837 557 1067 632 curavi,
1083 575 1147 618 ut
1172 577 1306 619 cum
1332 558 1531 620 auclo-

145 641 326 698 ritate
371 651 666 718 regnaret.
719 638 970 698 Metram
988 682 1008 711 ‚
1042 638 1105 697 &
1140 657 1277 698 eum
1298 683 1317 712 ,
1350 653 1531 718 quem

143 732 210 777 tu
263 719 585 799 diligenter
631 718 770 780 mihi
821 717 1297 791 commendatas,
1330 717 1531 779 Athe-

141 815 352 856 naeum
374 841 396 868 ‚
441 800 878 877 importunitate
927 797 1267 857 Athenaidis
1324 798 1531 860 exsilio

145 879 442 938 multatos
457 921 478 950 ,
493 881 746 938 maxima
773 877 929 958 apud
959 893 1157 958 regem
1190 874 1527 939 auctoritate

143 959 468 1038 gratiaque
525 956 804 1017 constitui.
875 957 1195 1036 Quumque
1252 975 1529 1038 magnum

145 1038 385 1097 bellum
421 1039 483 1094 in
517 1034 892 1117 Cappadocia
927 1040 1341 1109 concitaretur,
1368 1041 1412 1095 si
1446 1035 1533 1096 sa·

150 1117 374 1178 cerdos
408 1117 582 1176 armis
614 1116 669 1178 se
685 1161 704 1190 ,
805 1117 889 1176 od
919 1115 1162 1176 facturus
1193 1115 1533 1196 putabatur,
1634 1141 1643 1162 ι

151 1196 544 1268 defenderet,
571 1196 739 1258 adole
765 1217 900 1256 cens
938 1197 1003 1255 δι
1028 1199 1314 1276 equitatu,
1334 1196 1397 1256 ὅ(
1422 1215 1533 1278 pe·

151 1276 378 1350 ditatu,
399 1275 464 1334 &
492 1279 736 1354 pecunia
811 1291 1031 1349 aratus,
1056 1278 1118 1336 &t
1146 1292 1275 1335 toto
1306 1277 1406 1349 iis,
1428 1277 1527 1358 qui

108 1372 114 1387 ·
148 1360 367 1416 novari
422 1354 642 1434 aliquid
695 1297 970 1416 vossebant
1010 1375 1030 1428 ;
1080 1353 1337 1436 perfeci,
1374 1375 1437 1415 ut
1490 1373 1528 1420 e

150 1455 342 1518 regno
369 1435 470 1496 ine
497 1435 1078 1515 discederet,rexque
1100 1438 1223 1496 sine
1245 1437 1491 1496 tumultu
1506 1482 1529 1512 ,

152 1535 220 1574 ac
253 1517 382 1576 sine
413 1517 620 1587 armis,
641 1519 804 1574 omni
834 1514 1161 1574 auctoritate
1194 1515 1335 1574 aulae
1364 1535 1530 1574 com·

155 1597 420 1667 munita,
442 1612 693 1676 regnum
733 1615 866 1654 cum
904 1595 1181 1675 dignitate
1221 1595 1531 1656 obtineret.

155 1672 388 1736 Interea
439 1677 698 1755 cognovi
747 1675 1061 1734 multorum
1109 1676 1308 1734 litteris
1355 1693 1527 1754 atque

156 1759 372 1818 nuntiis
389 1798 410 1827 ‚
434 1773 670 1835 magnas
701 1752 1037 1814 Parthorum
1072 1757 1265 1834 copias
1297 1755 1359 1815 &
1379 1754 1530 1816 Ara-

157 1834 298 1896 bum
343 1835 421 1896 ad
461 1835 748 1917 oppidum
781 1835 1157 1894 Antiochiam
1191 1831 1529 1911 accessiss‘e,

158 1934 558 1998 magnumque
589 1936 797 1975 eorum
828 1920 1181 1995 equitatum,
1204 1917 1303 1995 qui
1334 1914 1395 1975 in
1422 1912 1529 1977 Ci-

159 1995 350 2057 liciam
382 1992 698 2068 transisset,
719 1996 790 2054 ab
822 1998 1084 2075 equitum
1116 2014 1379 2055 meorum
1408 2012 1525 2057 tur·-

159 2079 266 2135 mis
289 2120 310 2149 ‚
354 2076 423 2137 &
475 2096 514 2134 a
565 2075 804 2135 cohorte
865 2077 1133 2157 praetoria
1152 2120 1171 2149 ,
1212 2096 1339 2155 quae
1402 2094 1527 2137 erat

162 2152 523 2237 Epiphaneae
561 2155 807 2235 praesidii
846 2157 1055 2229 causa,
1086 2156 1389 2215 occidione
1425 2176 1530 2213 oc-

161 2236 357 2297 cisum.
387 2234 594 2314 Quare
627 2254 804 2314 quum
829 2236 1123 2308 viderem,
1146 2256 1179 2293 a
1204 2233 1525 2314 Cappado-

161 2318 244 2375 cia
281 2314 628 2375 Parthorum
665 2317 862 2393 copias
899 2314 1157 2387 aversas',
1185 2334 1307 2373 non
1343 2314 1519 2397 longe

162 2413 194 2453 a
213 2394 430 2455 finibus
461 2394 573 2454 effe
600 2392 848 2467 Ciliciae,
867 2395 1043 2476 quam
1072 2396 1234 2473 potui
1264 2398 1523 2471 maximia

161 2474 460 2535 itineribus
513 2474 590 2532 ad
634 2473 926 2533 Amanum
987 2477 1302 2535 exercitum
1362 2476 1520 2535 duxi.

163 2554 306 2633 Qub
341 2572 410 2614 ut
439 2556 612 2625 veni,
631 2552 854 2613 hostem
887 2554 960 2613 ab
993 2554 1302 2614 Antiochia
1338 2573 1527 2615 reces-

166 2634 284 2696 siss'e
306 2678 327 2707 ,
357 2632 634 2693 Bibulum
675 2632 1001 2693 Antiochiae
1050 2632 1165 2695 esse
1212 2637 1469 2715 cognovi
1500 2654 1521 2706 ;
1608 2664 1619 2675 2

165 2712 631 2795 Deiotarumque
673 2710 972 2777 confestim
1012 2710 1133 2794 jam
1170 2714 1243 2773 ad
1278 2734 1375 2773 me
1414 2722 1524 2772 ve·-

164 2796 422 2853 nientem
456 2814 587 2853 cum
620 2814 834 2875 magno
871 2794 938 2853 δι
963 2790 1133 2853 firmo
1166 2797 1424 2874 equitatu
1456 2792 1521 2853 ὅ(

163 2874 464 2953 peditatu,
500 2874 566 2935 &
617 2894 758 2937 curn
809 2876 1079 2941 omnibus
1132 2872 1243 3013 {gia
1302 2874 1520 2955 copiis,

1224 2974 1285 3016 iv
