1998 3814
467 324 614 388 AD
697 320 1192 390 BRUTvM.
1356 329 1519 416 ‘457

133 439 286 504 duas
313 479 332 510 ‚
371 451 552 510 anam
581 451 695 495 tuo
717 438 963 495 nomine
980 480 1003 510 ‚
1024 435 1273 494 alteram
1306 433 1514 496 'Anto-

135 521 222 582 nii
247 539 265 577 ·.
303 519 403 587 ‚dat
429 514 678 578 Servilio
708 517 940 576 tribuno
961 517 1155 596 piebis
1180 538 1199 587 ;
1227 515 1321 576 ille
1352 513 1518 576 Cor-

135 616 286 660 nuto
327 617 358 657 ·:
405 600 714 658 recitantur
764 599 823 656 in
857 595 1094 658 stnatu.
1152 596 1512 658 ANToqus

136 679 439 740 Pnocor„
473 698 688 760 magna
728 678 1027 738 admiratio
1048 724 1067 754 ‚
1090 695 1151 736 ut
1178 680 1225 737 si
1260 675 1399 738 esset
1424 698 1517 738 re-

133 763 384 821 citatum·
406 803 426 834 ‚
449 757 856 834 DOLABELLA
874 758 1267 818 IMPERATOR
1289 803 1307 831 ,
1336 781 1367 818 a
1426 780 1512 819 uo

136 841 382 923 quidem
401 839 1038 912 veneranttabellarii:
1070 839 1167 900 sed
1203 781 1516 901 nem-quili

137 921 380 994 sirnili8‚
411 923 511 1002 qui
539 918 806 1002 proferre
848 919 1080 980 Htteras·
1100 919 1341 980 auderet
1360 965 1381 992 ‚
1412 939 1515 982 aut

137 999 562 1084 magistrati-bus
615 1000 878 1060 reddere.
939 999 1091 1060 Tuae
1144 1003 1451 1062 recitantur
1487 1047 1511 1076 ,

136 1083 490 1143 breves-illae
517 1081 764 1164 quidem
780 1125 800 1155 ,
827 1080 928 1140 sed
953 1083 1019 1140 in
1048 1080 1373 1152 Antonium
1408 1083 1516 1141 ad-

135 1163 392 1236 modum
427 1163 608 1222 lenes.
642 1161 1043 1238 Vehementer
1074 1162 1382 1222 admiratus
1414 1163 1515 1224 se·
1540 1165 1553 1172 “

137 1260 336 1305 natus-
379 1239 531 1302 Mihi
561 1259 758 1305 autem
796 1263 918 1303 non
948 1260 1073 1303 erat
1109 1245 1458 1324 explicatum
1490 1257 1521 1320 ‚‘

141 1325 287 1406 quid
323 1344 577 1406 agerem.
600 1321 788 1382 Falsas
821 1323 1075 1384 dicerem
1105 1323 1126 1383 ἓ
1161 1325 1298 1404 quid
1321 1369 1340 1398 ,
1378 1328 1425 1385 si
1444 1344 1515 1387 tu

138 1426 242 1466 eas
281 1401 650 1484 approbasses
669 1404 692 1464 ?
713 1401 1139 1465 Confirmarem
1175 1405 1197 1463 ?
1228 1427 1347 1464 non
1388 1424 1513 1468 erat

139 1487 444 1569 dignitatis
491 1481 622 1546 tuae.
673 1482 877 1566 Itaque
922 1485 1027 1546 ine
1078 1485 1199 1544 dies
1258 1485 1515 1548 silentio.

137 1565 424 1628 Postridie
447 1583 642 1628 autem
673 1587 852 1648 quum
885 1563 1073 1626 serino
1104 1564 1466 1628 increbuiss'et
1486 1587 1519 1642 ,·

137 1647 304 1709 Pilus
337 1667 410 1708 ue
430 1648 633 1708 oculos
654 1647 1054 1709 vehementiils
1080 1647 1387 1707 hominum
1420 1647 1517 1718 of-⁴

139 1729 302 1790 fend‘
355 1746 416 1789 et
435 1772 458 1801 ,
488 1746 686 1788 natum
723 1731 964 1788 omnino
1008 1725 1089 1788 est
1112 1729 1452 1809 principium
1480 1751 1517 1790 a

142 1830 267 1871 me.
307 1807 410 1870 De
487 1807 787 1870 roconsule
815 1808 1083 1868 Antonio
1118 1809 1295 1868 multa
1330 1809 1513 1871 :Sex-
1605 1848 1610 1852 -

139 1892 262 1953 tius
316 1912 421 1951 cau
445 1912 494 1948 ae
544 1913 664 1951 non
709 1887 893 1951 defuit
930 1887 1059 1971 post
1109 1910 1243 1964 me,
1284 1912 1461 1971 quum
1487 1939 1511 1967 ,
1553 1918 1562 1926 ·

141 1989 366 2055 quanto
395 1970 556 2031 suum
595 1970 776 2031 filium
799 2015 818 2044 ,
854 1986 1071 2052 quanto
1102 1991 1299 2029 meum
1318 1976 1377 2032 in
1396 1994 1509 2053 pe-

139 2052 333 2115 riculo
386 2052 639 2112 futurum
689 2052 906 2112 dic-eret
937 2096 956 2125 ‚
1015 2054 1061 2109 si
1110 2068 1315 2110 contra
1360 2051 1512 2132 ‚pro-

138 2132 444 2195 consulem
475 2152 634 2191 ar-ma
664 2130 929 2193 tulissent.
978 2130 1145 2191 Nost-i
1174 2132 1472 2192 hominem
1490 2154 1513 2192 t

141 2213 331 2281 causae
354 2235 474 2273 non
497 2212 708 2273 defuit.
727 2212 1028 2272 Dixerunt'
1046 2214 1221 2271 etiam
1252 2213 1379 2271 alii:
1403 2213 1515 2273 La-

139 2295 268 2355 beo
305 2294 453 2354 verb
498 2292 689 2358 noster
725 2339 743 2368 ‚
797 2313 906 2354 nec
957 2296 1192 2374 ‘signum
1244 2311 1407 2353 tuum
1448 2296 1512 2355 in

144 2372 432 2457 epistola,
483 2394 594 2435 nec
647 2374 802 2435 diem
851 2377 1183 2455 appositum
1220 2419 1239 2447 ,
1295 2395 1402 2435 nec
1452 2394 1523 2437 te-

141 2454 426 2535 scripsiffe
453 2456 528 2513 ad
563 2473 735 2530 tuos,
776 2472 840 2515 ut
869 2454 1099 2517 soleres,
1137 2454 1272 2515 Hoc
1299 2476 1517 2538 cogere

141 2536 392 2599 volebat
413 2581 432 2608 ‚
462 2534 624 2595 falsas
667 2536 881 2595 litteras
922 2533 1033 2595 esse
1064 2580 1083 2607 ‚
1124 2536 1185 2594 &
1207 2580 1227 2609 ‚
1268 2539 1314 2597 si
1352 2540 1514 2616 quae·-'

140 2621 226 2679 ris
255 2662 275 2691 ‚
308 2616 610 2697 probabat.
647 2616 816 2679 Nunc
843 2634 1006 2695 mum
1045 2614 1125 2675 est
1165 2618 1465 2676 consilium
1489 2660 1513 2690 ,

135 2697 330 2761 'Brute
354 2743 372 2770 ‚
401 2698 474 2760 de
510 2714 640 2759 toto
667 2718 880 2781 genere
915 2697 1071 2757 belli.
1106 2695 1303 2757 Video
1340 2714 1397 2757 te
1424 2698 1515 2757 le·-

127 2781 331 2849 ·nitate
372 2776 674 2851 deleaari,
717 2778 782 2838 ὃς
826 2797 960 2839 eum
1018 2794 1217 2857 putare
1268 2774 1517 2837 fru&um

137 2861 268 2933 ,effe
302 2867 620 2925 maximum
638 2883 652 2921 :
673 2858 940 2943 praeclare
973 2859 1211 2941 quidem
1232 2902 1252 2930 ‚
1272 2857 1371 2920 sed
1394 2856 1521 2925 aliis

236 2952 442 3017 Tamus
474 2945 633 3009 -ΧΙΙ,
1212 2936 1279 3003 V⁴
