1998 3814
426 347 585 447 318
732 347 1484 418 Eprsrozanvu

428 465 625 538 bium,
652 464 699 524 si
726 461 910 524 modo
944 461 1073 524 sunt
1108 479 1258 537 tuae,
1281 483 1466 544 quum
1499 461 1556 526 le
1679 471 1818 539 tut-,²

432 544 779 622 invidiosam
815 545 1182 604 atrocitatem
1215 545 1531 608 verborum
1611 545 1817 606 abent.

430 627 529 690 Ac
572 629 619 686 si
662 627 923 686 omnium
968 645 1233 686 mearum
1277 627 1597 688 litterar-uin
1647 645 1816 706 prae-

434 725 608 789 cepta
643 726 873 788 repetes
892 749 913 779 ‚
942 705 1232 789 intelliges
1271 707 1416 770 nihil
1455 703 1570 768 effe
1608 727 1643 764 a
1679 725 1816 780 me,

435 790 547 855 nisi
582 789 857 850 orationis
891 789 1303 860 acerbitatem,
1328 789 1390 848 &
1417 786 1776 846 iracundiam
1794 828 1816 861 ,

438 869 537 944 &,
564 871 612 930 si
644 868 795 930 forte
813 914 831 943 ‚
858 870 987 930 raro
1028 868 1342 930 litterarum
1381 865 1673 929 missarum
1715 869 1818 926 in·

437 950 798 1033 diligentiam
833 948 1257 1030 reprehensam.
1295 948 1533 1028 Quibus
1564 948 1814 1028 quidem

438 1033 500 1097 in
537 1033 707 1092 rebus
746 1033 795 1092 si
834 1029 988 1111 apud
1027 1047 1088 1091 te
1125 1031 1260 1110 plus
1303 1027 1606 1090 auRoritas
1645 1049 1816 1104 mea,

440 1113 617 1195 quam
652 1130 750 1172 tua
794 1114 917 1172 sive
956 1127 1158 1172 natura
1195 1112 1369 1191 paulo
1410 1111 1600 1170 acrior
1625 1153 1646 1182 ‚
1691 1113 1816 1170 sive

482 1193 711 1254 uaedam
750 1191 999 1254 dulcedo
1038 1193 1383 1264 iracundiae,
1411 1189 1544 1251 sive‘
1579 1190 1818 1252 dicendi

438 1213 519 1334 211
554 1271 893 1355 facetiaeque
928 1267 1264 1346 valuissent,
1291 1271 1433 1333 nihil
1469 1271 1606 1332 sane
1643 1269 1813 1345 estet,

442 1353 605 1433 quod
640 1375 747 1415 nos
785 1355 1114 1435 poeniteret.
1151 1351 1226 1412 Et
1257 1351 1541 1414 mediocri
1574 1371 1678 1414 me
1713 1352 1822 1412 do·

440 1433 567 1496 lore
622 1451 787 1516 putas
837 1433 1024 1507 affici,
1055 1453 1237 1514 quum
1285 1434 1512 1496 audiam
1531 1479 1552 1508 ,
1582 1432 1706 1514 qua
1749 1435 1820 1496 sit

444 1514 861 1578 existimatione
897 1514 1177 1596 Virgilius
1199 1561 1218 1590 ,
1250 1515 1366 1595 qua
1413 1531 1544 1574 tuus
1591 1516 1817 1576 vicinus

447 1595 565 1658 Cn.
592 1595 870 1658 oeavius
903 1595 925 1656 ἓ
958 1615 1095 1656 nam
1135 1597 1183 1655 si
1219 1614 1280 1658 te
1316 1595 1688 1658 interioribus
1729 1598 1819 1658 vi·

447 1680 587 1752 cinis
632 1681 741 1738 tuis
760 1722 779 1751 ,
810 1675 1144 1749 Ciliciensi,
1173 1676 1238 1735 &
1273 1675 1515 1759 Syriaco
1561 1694 1821 1757 antepo-

446 1761 535 1830 nis
556 1803 575 1832 ,
600 1758 785 1820 valde‘
810 1778 1087 1840 magnum
1125 1756 1286 1818 facis·
1323 1757 1518 1837 Atque
1559 1758 1609 1819 is
1648 1758 1818 1819 dolor

448 1837 568 1915 est,
602 1839 761 1922 qubd
818 1859 995 1921 quum
1046 1840 1130 1912 ii,
1165 1857 1316 1919 quos
1369 1839 1676 1899 nominavi
1701 1881 1722 1912 ,
1763 1853 1822 1900 te

446 1920 783 1981 innocentia
836 1942 958 1983 non
1013 1922 1251 1983 vincant
1273 1964 1292 1995 ,
1325 1921 1568 1983 vincunt
1623 1936 1820 1981 tamen

448 2000 688 2078 artificio
721 2000 1152 2067 benevolentiae
1186 2000 1530 2085 colligenda
1549 2043 1570 2074 ,
1673 2003 1686 2016 ‘
1727 2018 1826 2062 ne-

446 2102 565 2165 que
606 2080 839 2165 Cyrum
876 2082 1287 2164 Xenophontis
1306 2126 1328 2157 ‚
1359 2101 1558 2163 neque
1667 2084 1823 2165 gesi-

448 2162 607 2225 laum
636 2166 906 2226 noverint
934 2184 950 2223 z
978 2176 1230 2244 quorum
1263 2182 1464 2244 regum
1497 2160 1729 2224 summo
1760 2165 1817 2225 in

452 2246 701 2324 imperio
759 2261 938 2305 nemo
997 2262 1274 2327 umquam
1330 2243 1583 2306 verbum
1637 2244 1821 2305 ullum

452 2324 701 2405 asperius
743 2325 983 2385 audivit.

536 2404 669 2467 111.
714 2404 833 2466 Sed
876 2405 999 2465 haec
1044 2426 1080 2465 a
1122 2403 1408 2485 principio
1451 2404 1561 2465 tibi
1609 2405 1822 2486 praeci-

500 2485 659 2562 iens»,
694 2504 971 2566 quantum
1005 2484 1355 2566 profecerim
1377 2529 1397 2560 ,
1427 2506 1550 2545 non
1589 2486 1612 2541 i
1651 2506 1822 2546 nom.

520 2586 630 2627 unc
661 2583 856 2627 tamen
892 2565 1182 2629 decedens
1211 2564 1310 2647 (id
1335 2564 1496 2647 quod
1527 2568 1605 2624 m'
1653 2568 1674 2625 i
1709 2584 1820 2645 jam

455 2646 647 2711 facere
676 2646 930 2729 videris)
956 2648 1222 2729 relinque
1238 2692 1258 2721 ,
1277 2644 1506 2727 quaeso,
1529 2644 1710 2727 quam
1743 2645 1824 2723 ju-

450 2728 863 2796 mndissimam
898 2732 1244 2791 memoriam
1283 2726 1386 2789 tui.
1425 2723 1820 2788 Suceess‘orem

454 2810 631 2873 habes
686 2809 1072 2892 perblandum
1112 2828 1132 2882 ;
1185 2822 1380 2871 cetera
1410 2806 1612 2885 ⁸valde
1675 2808 1822 2867 illius

453 2891 709 2959 adventu
736 2908 833 2957 tua
858 2894 1244 2977 requirentur!
1262 2887 1332 2954 In
1355 2890 1558 2953 litteris
1587 2892 1824 2953 mitten·
