1998 3814
442 356 595 451 23⁶,
660 354 1438 453 ,EPISTOLARUM

438 498 534 561 Μ.
568 498 648 560 Τ.
679 496 756 559 C.
800 497 967 558 lm».
1009 496 1084 558 C.
1125 496 1590 558 MARCELLO
1633 492 1712 557 C.
1743 494 1816 557 Fs

881 582 1045 646 Cos.
1097 584 1160 647 S.
1199 584 1265 645 P.
1307 582 1391 644 D.
1809 588 1822 597 '

448 718 829 767 coumzrenar
852 714 1060 781 studiosi
1093 713 1226 783 suam
1264 714 1656 776 existimationem
1694 734 1813 766 con·

506 783 607 854 fidi
644 790 713 837 C.-
742 788 985 838 Marcello
1021 790 1071 839 in
1097 786 1449 857 supplicatione
1491 790 1811 839 decernenda.

516 860 665 910 Anno
709 859 774 911 U.
814 864 868 911 C.
910 878 1024 928 7⁰3·
1427 866 1437 875 ‘

455 1045 549 1089 10.
576 959 1011 1169 QUANDO
1061 1028 1122 1087 id
1163 1026 1409 1100 accidit,
1461 1028 1629 1125 quod
1673 1014 1818 1089 m'ihi

448 1110 663 1171 maxim
737 1108 845 1169 fuit
887 1126 1196 1189 optatum,
1239 1125 1302 1167 ut
1336 1129 1600 1169 ommam
1640 1109 1820 1168 Mar-

448 1186 771 1263 cellorum,
816 1186 1292 1248 Marcellinorum
1335 1190 1509 1247 etiam
1547 1187 1574 1268 (
1607 1186 1829 1251 mirifi-.

450 1289 549 1329 cus
596 1273 753 1329 enim
844 1269 1032 1329 eneris
1074 1289 1140 1327 ac
1197 1269 1445 1327 nominis
1488 1266 1666 1329 vestri
1711 1268 1832 1329 fuit-

449 1366 589 1429 erga
645 1368 740 1415 me
817 1368 1020 1433 emper
1063 1346 1340 1429 aqimus)
1437 1347 1632 1407 nando
1673 1367 1740 1407 er
1779 1371 1820 1409 o

452 1428 532 1486 ita
573 1428 777 1488 accidit
816 1473 837 1502 ‚
901 1446 964 1488 ut
1013 1429 1274 1487 omnium
1325 1448 1400 1490 ve
1451 1426 1574 1486 rfim
1629 1426 1714 1488 stu
1760 1433 1822 1490 'o

450 1523 580 1567 tuus
605 1507 924 1569 consulatus
952 1506 1272 1569 satisfacere
1298 1505 1517 1589 posset,
1545 1510 1606 1567 in
1638 1529 1832 1589 quem-

453 1606 601 1647 meae
638 1609 729 1649 res
772 1586 938 1671 gestae
961 1632 981 1660 ‚
1017 1587 1250 1669 lausque
1287 1592 1352 1647 oc
1382 1588 1572 1648 honos
1612 1608 1818 1649 earum

496 1670 816 1729 otissimhm
852 1668 1134 1727 incideret
1153 1688 1172 1740 ;
1199 1684 1338 1747 peto
1373 1690 1405 1728 a
1437 1686 1492 1727 te
1528 1668 1588 1728 id
1609 1714 1626 1741 ‚
1657 1670 1820 1749 quod

450 1687 787 1808 {minimum
831 1746 981 1807 faRu
1017 1746 1098 1808 est
1121 1792 1140 1819 ‚
1181 1767 1300 1809 non
1343 1748 1723 1827 aspernante,
1757 1769 1820 1810 ut

454 1826 688 1887 coirfido
720 1845 741 1901 ς
792 1826 987 1887 senatu
1028 1872 1047 1901 ,
1097 1844 1160 1886 ut
1199 1828 1373 1909 quam
1412 1826 1819 1889 honorificen-

449 1909 735 1968 tis'simum
758 1904 1326 1970 'senatusconsultum
1361 1954 1381 1982 ,
1417 1911 1619 1971 litteris
1673 1915 1826 1971 meis

450 1989 698 2048 recitatis
721 2033 738 2058 ‚
770 1988 1098 2049 faciendum
1136 2009 1318 2050 cures.
1347 1987 1407 2049 Si
1443 1989 1584 2048 mihi
1619 2005 1819 2050 tecum

456 2069 646 2127 minus
695 2066 834 2127 effer
879 2113 899 2140 ‚
950 2069 1123 2148 quam
1165 2065 1246 2129 est
1292 2087 1424 2128 cum
1459 2073 1570 2130 tuis
1619 2073 1825 2130 omni-

453 2146 561 2206 bus
587 2191 608 2222 ‚
650 2149 953 2228 allegarem
995 2149 1068 2206 ad
1110 2166 1166 2208 te
1207 2149 1338 2208 illos
1363 2193 1382 2222 ,
1413 2170 1445 2208 a
1483 2151 1697 2228 quibus
1729 2154 1823 2210 in·-

452 2228 665 2310 telligis
708 2249 802 2289 me
845 2231 1131 2310 praecipue
1170 2229 1348 2310 diligi.
1383 2226 1561 2289 Patris
1599 2233 1688 2289 tui
1723 2231 1824 2292 be-

455 2305 661 2366 neficia
683 2311 741 2366 in
768 2329 861 2368 me
890 2305 1016 2368 sunt
1039 2307 1414 2387 amplissima:
1441 2329 1633 2388 neque
1665 2315 1820 2372 enim

456 2383 619 2446 saluti
663 2407 806 2446 meae
828 2432 845 2460 ‚
889 2408 963 2448 ne
1009 2409 1080 2448 ue
1120 2387 1332 2448 honori
1373 2392 1614 2448 amicior
1664 2391 1821 2470 quis-

502 2487 635 2526 uam
680 2467 798 2530 diei
839 2484 981 2548 pote
1038 2511 1051 2526 .
1096 2465 1292 2528 Frater
1325 2484 1456 2528 tuus
1491 2473 1697 2548 quanti
1715 2491 1822 2532 me

458 2485 629 2608 &aciat
651 2591 669 2620 ,
704 2547 1042 2628 semperque
1079 2547 1319 2622 fecerit,
1363 2545 1476 2609 ess‘e
1521 2549 1822 2612 hominem

459 2627 558 2766 gui
590 2629 815 2708 ignoret
844 2628 1090 2687 arbitror
1115 2631 1426 2690 neminem.
1459 2625 1699 2689 Domus
1727 2650 1824 2691 rua
1853 2655 1858 2662 ·

503 2710 711 2786 enique
743 2724 863 2767 rota
897 2728 991 2770 me
1028 2707 1252 2789 semper
1286 2709 1552 2770 omnibus
1588 2709 1823 2772 summis

464 2787 665 2846 officiis
715 2788 1010 2866 prosecuta
1061 2788 1161 2847 est.
1223 2787 1429 2868 Neque
1475 2791 1620 2848 verb
1662 2809 1724 2852 tu
1762 2793 1820 2850 in

464 2885 560 2928 me
592 2867 885 2950 diligendo
914 2869 1180 2949 cuiquam
1213 2866 1540 2930 concessisti
1570 2887 1822 2931 tuorum.

1977 1288 1980 1417 ¹
