1998 3814
508 297 654 364 ἈΒ
725 291 1234 366 anrvu.
1400 309 1567 388 4412

194 407 431 492 inperiti
462 411 556 472 vir
571 411 808 470 omnium
834 412 1325 488 prudentissimus,
1346 433 1423 470 an
1446 433 1566 472 am·

188 494 382 552 bitiose'
403 487 630 570 Ῑξειᾙὲ,
667 492 761 569 qui
781 491 1211 550 valentissimum
1248 494 1561 552 Antonium

138 621 154 626 -
172 568 452 652 fias-'cipere
484 593 588 651 pro
620 570 899 650 republica
940 594 1047 630 non
1084 573 1349 631 dubitarit
1382 573 1566 632 inimi·

185 673 306 711 cum
337 651 372 709 ἓ
403 650 612 729 Nescio
643 652 779 727 quid
794 649 1031 728 scribam
1060 655 1188 725 tibi,
1217 654 1329 712 nisi
1349 673 1513 712 unum
1530 673 1560 726 ,·

171 735 341 812 pueri
393 732 450 792 6⁹
505 731 855 810 cupiditatem
882 775 902 804 ‚
943 731 998 789 6·
1052 733 1327 792 licentiam
1366 733 1561 814 potius

180 809 283 890 effi
318 813 593 872 irritatam
614 852 637 881 ,
678 811 839 890 qua'm
867 806 1145 891 repreſj'am
1184 835 1219 870 a
1256 814 1510 874 Cicerone
1530 833 1562 886 ,·

178 910 506 970 tantumque
555 912 672 948 eum
711 889 940 948 tribuere
985 892 1115 950 huic
1170 892 1517 973 indulgentia
1537 937 1561 966 ,

175 990 242 1036 ut
265 971 332 1050 se
374 971 674 1030 maledictis
711 991 819 1029 non
850 969 1144 1050 abstineat,
1180 971 1256 1030 iis
1291 974 1505 1051 quidem
1530 1018 1555 1045 ,

177 1071 303 1132 quoe
341 1051 407 1109 in
435 1049 607 1131 ipsum
653 1049 943 1129 dupliciter
979 1052 1227 1110 recidunt
1260 1072 1287 1127 ‚·
1318 1052 1464 1130 quod
1499 1054 1556 1113 6·

167 1133 372 1212 plures
406 1131 609 1190 occidit
645 1152 752 1188 uno
775 1173 794 1201 ,
817 1129 978 1210 seque
1012 1130 1174 1211 prius
1212 1151 1415 1209 oportet
1441 1129 1557 1210 fa-

175 1231 370 1271 teatur
386 1213 646 1270 sicarium
669 1254 688 1284 ‚
717 1210 876 1288 quam
905 1207 1131 1287 objiciat
1163 1211 1380 1290 Casca,
1412 1215 1564 1292 quod

174 1288 380 1372 objicit
405 1313 431 1362 ;
469 1292 524 1350 6»
558 1293 801 1349 imitatur
831 1292 890 1350 in
928 1291 1101 1368 Casca
1128 1291 1381 1371 Bestiam.
1416 1297 1557 1365 An,

172 1374 320 1454 quia
347 1394 458 1430 non
485 1369 730 1444 omnibus
767 1373 913 1429 horis
927 1367 1198 1449 jactamus
1228 1371 1363 1444 Idus
1390 1377 1559 1433 Mar-

172 1455 337 1525 tias,
370 1453 622 1510 similiter
647 1471 808 1530 atque
843 1451 938 1509 ille
990 1454 1189 1512 Nonas
1230 1454 1557 1514 Decembres

160 1533 317 1614 suas
368 1533 429 1591 in
481 1555 569 1590 ore
609 1532 768 1590 habet
800 1573 824 1602 ,
874 1531 935 1591 εὸ
987 1533 1201 1592 meliore
1245 1535 1555 1593 conditione

174 1615 383 1673 Cicero
442 1613 854 1692 pulcherrimum
893 1608 1104 1689 f'aHum
1170 1613 1502 1692 vituperabit
1534 1659 1557 1688 ‚

173 1695 348 1774 qua'm
391 1693 573 1772 Bestia
615 1693 667 1750 6·
703 1692 932 1752 Clodius
976 1693 1347 1771 reprehendere
1400 1694 1559 1754 illius

174 1773 528 1851 consulatum
541 1772 700 1851 soliti
713 1769 846 1851 sum
865 1773 899 1832 ?
941 1769 1245 1852 Sustinuiffi
1276 1773 1407 1834 mihi
1424 1775 1558 1856 glo-

174 1856 366 1916 riatur
403 1852 598 1913 bellum
649 1851 876 1913 Antonii
910 1870 1125 1935 togatus
1155 1856 1334 1915 Cicero
1368 1859 1555 1937 noster.

177 1938 354 2017 Quid
385 1936 485 1993 hoc
525 1936 656 1993 mihi
691 1934 940 2015 prodest,
994 1934 1044 1991 si
1085 1956 1277 1994 merces
1318 1940 1561 1997 Antonii

177 2012 436 2097 oppressi
470 2016 716 2094 poscitur
749 2016 808 2073 in
841 2016 1081 2073 Antonii
1132 2015 1304 2074 locum
1332 2012 1563 2092 succes-

174 2100 274 2157 sio
307 2096 342 2152 ?
379 2098 432 2155 6³
461 2138 484 2165 ,
521 2097 571 2153 si
608 2096 810 2154 vindex
847 2094 1005 2153 illius
1026 2096 1163 2154 mali
1186 2096 1369 2153 auclor
1404 2097 1565 2175 exsti-

173 2179 258 2238 tit
293 2178 564 2246 alterius,
592 2174 1011 2253 fundamentum
1040 2176 1092 2233 6·
1144 2174 1356 2231 radices
1391 2176 1575 2253 habi·-

179 2259 300 2323 turi
347 2258 568 2315 altiores
594 2298 612 2326 ,
655 2257 706 2314 si
743 2258 1028 2335 patiamur
1068 2257 1101 2314 ,Ρ
1146 2272 1205 2313 ut
1244 2253 1368 2332 jam
1417 2257 1515 2335 ista
1541 2299 1567 2327 ,

177 2360 307 2419 quae
341 2337 490 2413 facit
512 2378 535 2405 ,
575 2358 684 2395 non
739 2336 1156 2395 dominationem
1192 2378 1213 2406 ‚
1268 2354 1376 2393 non
1406 2378 1427 2409 ,
1459 2334 1581 2413 sed·

180 2419 466 2477 dominum
505 2416 810 2477 Antonium
854 2418 1093 2476 timentis
1128 2410 1263 2474 sinti
1289 2416 1411 2497 Ego
1453 2438 1567 2477 au·-

179 2518 294 2559 tem
332 2500 566 2578 gratiam
604 2519 711 2555 non
750 2496 918 2556 habeo
947 2539 969 2566 ,
995 2498 1060 2556 *si
1099 2497 1220 2577 quis
1256 2538 1277 2566 ‚
1329 2498 1455 2557 dum
1496 2519 1569 2559 ne

179 2580 336 2638 irato
365 2581 575 2656 serviat
608 2621 629 2649 ‚
677 2599 783 2635 rem
832 2576 1007 2657 ipsam
1063 2600 1171 2638 non
1226 2576 1594 2657 deprecatur.‘

179 2660 363 2721 Immo
405 2659 708 2740 triumphus
747 2659 801 2717 6»
837 2660 1162 2739 stipendium
1205 2656 1507 2718 decernitur
1541 2699 1579 2735 ,-

183 2738 246 2799 6·
294 2740 542 2797 omnibus
594 2738 815 2797 decretis
860 2760 1102 2799 ornatur.
1156 2739 1301 2795 Eum
1353 2738 1589 2817 pudeat.

181 2820 564 2900 concupiscere
589 2816 912 2897 fhrtunam,
953 2820 1110 2900 cujus
1154 2837 1343 2876 nomen
1378 2815 1569 2897 susce-

1197 2890 1321 2957 Tv
