1998 3814
444 331 577 414 ¹30
775 316 1523 385 Epzsrozanvu

472 432 605 490 milti
650 429 832 509 Caesar
882 451 991 490 non
1045 430 1285 491 remittit.
1338 433 1446 490 Ad
1482 433 1585 491 has
1625 429 1863 494 litteras

455 513 644 592 statim
701 513 834 571 mihi
887 511 1107 591 rescribe
1145 556 1164 585 ,
1225 529 1541 590 tuorumque
1601 515 1858 593 aliquem

443 594 619 652 'mitte
647 635 668 665 ‚
709 595 762 652 εὶ
802 594 938 673 quid
976 594 1305 652 reconditum
1336 595 1519 674 ,magis
1551 595 1653 653 erit
1672 639 1692 667 ‚
1725 617 1861 653 me·-

469 694 574 752 que
590 673 737 752 skire
761 694 898 754 opus
928 671 1029 752 effi
1050 675 1289 754 putaris.
1327 675 1467 738 Vale
1500 691 1657 736 v111.
1688 671 1857 738 Kal.

467 757 606 819 Jun.
651 755 956 834 Eporedid.

522 896 618 962 M.
659 896 737 962 T.
776 897 856 961 C.
897 897 988 969 D.
1022 898 1265 963 erro
1305 899 1453 962 lm.
1498 898 1559 962 S.
1599 897 1667 962 P.
1699 897 1798 964 D.

710 1049 1070 1102 Rsssronozr
1096 1047 1335 1119 superiori
1372 1049 1598 1118 epistolae.

470 1255 570 1301 21.
593 1167 824 1300 Du
877 1237 962 1300 isti
1005 1237 1243 1322 Segulio
1284 1235 1688 1312 malefaciant,
1728 1235 1851 1299 hoa

414 1333 421 1342 ‘
469 1320 614 1380 mini
655 1321 1013 1401 nequissimo
1056 1322 1317 1380 omnium
1341 1364 1360 1391 ‚
1401 1321 1499 1400 qui
1532 1317 1659 1378 sunt
1680 1363 1700 1391 ,
1738 1322 1849 1400 qni

469 1397 702 1462 fuerunt
727 1417 751 1472 ‚·
786 1403 885 1481 qui
931 1400 1107 1461 futuri
1140 1401 1285 1460 sunt.
1326 1398 1541 1478 Quid?
1576 1417 1638 1459 tu
1671 1399 1848 1460 illum

471 1497 666 1540 tecum
699 1481 924 1555 solnm,
966 1500 1065 1542 aut
1102 1503 1234 1542 cum
1273 1479 1500 1541 Caesare
1528 1524 1547 1553 ,
1592 1482 1849 1560 qui‘ne-

468 1565 689 1625 minem
734 1562 1159 1644 praetermiserit
1180 1607 1199 1636 ,
1237 1564 1470 1644 quicum
1509 1561 1669 1642 loqui
1710 1583 1846 1642 po·-

469 1646 642 1704 tuerit
674 1689 693 1718 ‚
759 1646 850 1704 cui
891 1663 1015 1704 non
1056 1643 1264 1716 eadem
1303 1641 1403 1704 ista
1448 1641 1697 1703 dixerit?
1740 1641 1849 1707 Te

467 1741 664 1785 tamen
692 1767 712 1798 ‚
752 1726 835 1784 mi
880 1723 1055 1785 Brute
1078 1769 1099 1798 ,
1132 1727 1233 1784 'sic
1265 1745 1400 1785 amo
1426 1769 1445 1798 ,
1484 1741 1548 1785 ut
1587 1723 1781 1784 debeo
1820 1771 1847 1800 ‚

507 1805 630 1866 ubd
665 1802 810 1865 istud
833 1849 852 1880 ,
897 1805 1181 1888 quidquid
1218 1803 1357 1866 ess’et
1398 1815 1718 1888 nugarum,
1740 1825 1848 1869 me

493 1889 607 1969 cire
635 1884 896 1953 voluisti:
927 1888 1157 1970 signum
1189 1889 1347 1953 enim
1372 1893 1649 1969 magnum
1678 1906 1850 1948 amo-

448 1970 545 2029 'ris
581 1966 802 2029 dedisti.
831 1967 989 2029 Nam
1026 1968 1185 2049 qubd
1214 1969 1371 2030 idem
1398 1967 1662 2051 Segulius
1684 2012 1707 2037 ,
1732 1986 1847 2030 ve-

463 2064 697 2109 teranos
738 2051 939 2131 queri,
1018 2048 1139 2110 ubd
1175 2064 1246 2112 'tu
1290 2050 1357 2110 &
1396 2048 1590 2110 Caesar
1627 2049 1688 2107 in
1722 2050 1845 2111 de-

469 2132 740 2193 cemviris
772 2151 896 2191 non
927 2151 960 2193 e
1009 2133 1155 2205 etis3
1185 2131 1407 2191 utinam
1446 2150 1519 2191 ne
1558 2148 1675 2212 ego
1749 2132 1847 2191 ui-

467 2212 606 2275 dem
645 2210 865 2275 effem:
912 2212 1054 2294 quid
1103 2213 1260 2273 enim
1307 2210 1598 2273 'molestius
1641 2210 1663 2269 ?
1706 2152 1845 2274 {ed

439 2309 662 2357 'tamen
708 2313 888 2375 quum
933 2313 1050 2377 ego
1109 2290 1399 2366 sensiss'em
1434 2337 1455 2368 ‚
1510 2292 1587 2353 de
1627 2292 1694 2353 iis
1736 2296 1848 2376 qui

437 2376 751 2435 ·exercitus
779 2374 1089 2447 haberent,
1124 2373 1464 2437 sententiam
1490 2371 1624 2435 ferri
1652 2396 1844 2457 opor-

464 2473 630 2527 tere3
658 2454 837 2518 iidem
875 2455 1003 2530 illi,
1047 2457 1143 2537 qui
1173 2454 1359 2519 solent
1379 2500 1400 2531 ,
1438 2454 1846 2520 reclamarunt.

443 2533 668 2619 ‘Itaque
701 2538 931 2616 excepti
961 2538 1143 2597 etiam
1157 2534 1295 2598 'estis
1322 2581 1342 2611 ‚
1372 2556 1469 2599 me
1504 2536 1841 2599 vehemen-

466 2632 554 2677 ter
596 2634 973 2699 repugnante.
1014 2617 1331 2697 ·Quocirca
1382 2616 1679 2700 Seguliur'n
1719 2639 1841 2681 ne·-

447 2698 545 2780 ·g1i
587 2718 749 2760 amus
789 2743 809 2773 ,
865 2700 962 2781 qui
1015 2704 1105 2759 r'es
1164 2720 1349 2762 novas
1402 2700 1604 2781 quae'rit
1640 2720 1655 2758 t
1710 2720 1842 2762 non

446 2784 541 2859 'qu
645 2797 908 2842 veterem
972 2780 1293 2842 comederit
1346 2777 1374 2861 (
1417 2781 1633 2841 nullam
1674 2782 1839 2841 enim

445 2858 661 2925 'habuit
695 2860 724 2946 )
755 2859 856 2925 sed
887 2861 1033 2923 hanc
1067 2860 1250 2946 ipsam
1281 2879 1588 2935 recentem,
1612 2866 1840 2927 novam
