1998 3814
484 363 592 450 '52
671 420 677 426 .
787 356 1553 427 EmsrozARvM

486 470 662 533 Nunc
701 491 800 530 me
839 471 1099 553 reliquiae
1140 469 1341 532 vestrae
1391 485 1667 532 exercent
1712 515 1734 546 ‚
1794 473 1865 535 &

473 553 719 633 «quidem
770 571 978 632 praeter
1021 571 1245 614 ceteros
1293 573 1339 613 ιΔ
1463 552 1858 633 Quamquam

483 637 756 716 egregios
795 634 1059 694 consules
1098 633 1345 694 habemu
1402 679 1419 706 ‚
1456 633 1555 694 sed
1582 637 1858 713 turpissi-

482 735 617 774 mos
648 713 970 774 consulares
997 736 1015 787 ;
1046 713 1303 776 {enatum
1332 713 1579 787 fortem,
1608 714 1707 774 sed
1732 714 1871 774 infi-

481 813 586 855 mo
621 815 914 877 quemque
948 796 1173 858 honore
1200 795 1594 857 fortissimum.
1627 795 1858 874 Populo

475 877 628 937 verb
661 876 801 936 nihil
841 875 1043 938 fortius
1065 923 1084 951 ,
1118 877 1258 938 nihil
1292 878 1498 938 m'elius
1516 923 1539 951 ‚
1575 873 1854 958 Italiaque

479 959 769 1019 universa.
809 956 969 1018 Nihil
1001 977 1195 1018 autern
1230 957 1443 1018 foedius
1487 957 1757 1038 Philippo
1787 959 1860 1020 νδι.

479 1037 688 1100 Pisone
713 1039 918 1121 legatis
937 1085 958 1114 ‚
981 1039 1123 1100 nihil
1152 1039 1520 1121 flagitiosius:
1541 1041 1641 1118 qui
1669 1060 1853 1120 quum

479 1117 666 1182 effent
707 1121 868 1181 missi
890 1137 1019 1195 ,ut
1055 1121 1321 1181 Antonio
1352 1141 1426 1181 ex
1456 1118 1679 1180 senatus
1722 1119 1855 1180 sen·

478 1206 661 1262 tentia
703 1219 888 1262 certas
933 1221 1027 1262 res
1054 1201 1501 1274 denuntiat-enm
1542 1221 1724 1282 quum
1754 1203 1855 1263 ille

479 1299 682 1343 earu-m
721 1303 914 1343 rerum
945 1283 1088 1343 nulli
1119 1280 1415 1364 paruiss‘et,
1448 1283 1599 1343 ultro
1641 1281 1715 1342 ab
1747 1284 1856 1345 illo

479 1363 560 1422 ad
599 1386 712 1424 nos
755 1363 1139 1424 intolerabilia
1178 1361 1462 1445 postulata
1512 1363 1857 1426 retulerunt.

479 1441 572 1505 Ita
651 1466 686 1506 e
711 1445 786 1505 ad
819 1466 927 1506 nos
955 1448 1343 1519 concurritur-3
1374 1443 1619 1524 faciique
1650 1441 1768 1524 jam
1794 1448 1859 1507 in

477 1546 542 1586 re
605 1527 807 1586 alutari
837 1529 1159 1607 populares
1193 1525 1402 1587 sumus.
1442 1525 1563 1586 Sed
1605 1544 1666 1586 tu
1752 1528 1857 1588 uid

477 1627 680 1690 ageres
701 1653 720 1681 ,
758 1607 895 1689 quid
935 1607 1155 1669 aEturus
1176 1652 1195 1680 ‚
1230 1607 1331 1668 ubi
1366 1609 1626 1686 denique
1660 1626 1699 1666 e
1746 1625 1812 1669 es
1834 1655 1857 1685 ,
1965 1637 1975 1645 ·

478 1687 824 1750 nesciebam.
867 1687 1047 1749 Fama
1076 1689 1377 1749 nuntiabat
1410 1706 1469 1749 te
1506 1685 1607 1748 iffe
1638 1689 1701 1746 in
1736 1687 1858 1770 Sya

477 1772 660 1830 riam:
690 1768 894 1830 auctor
934 1789 1058 1831 etat
1094 1790 1296 1831 nemo.
1334 1767 1435 1830 De
1470 1768 1652 1830 Bruto
1674 1812 1699 1842 ‚
1730 1771 1857 1850 qui>

476 1851 715 1933 propius
741 1849 822 1911 est
836 1897 859 1926 .‚
879 1849 1235 1913 eb'firmiora
1252 1851 1523 1913 videntur
1540 1849 1663 1911 effe
1677 1894 1697 1924 ,
1718 1871 1855 1931 quae

477 1935 827 1993 nuntiantur.
857 1932 1172 1995 Dolabella
1200 1932 1373 1994 valde
1405 1934 1851 2011 vituperabatur

475 2014 553 2073 ab
593 2013 922 2075 hominibus
947 2036 1074 2075 non
1114 2014 1333 2077 insulsis
1355 2059 1374 2088 ,
1400 2014 1559 2095 quod
1592 2014 1699 2075 tibi
1728 2032 1856 2075 tam

473 2095 594 2155 cito
623 2094 952 2157 succederet
969 2140 991 2171 ‚
1030 2116 1205 2177 quum
1234 2114 1301 2157 tu
1331 2096 1573 2157 vixdum
1608 2096 1854 2177 triginta

475 2175 602 2238 dies
649 2179 710 2237 in
763 2177 934 2258 Syria
985 2176 1199 2238 fuisses,
1248 2176 1451 2258 Itaque
1505 2174 1805 2237 constabat
1830 2222 1851 2252 ‚

476 2278 614 2319 eum
643 2260 822 2338 recipi
847 2260 906 2317 in
945 2256 1177 2340 Syriam
1201 2278 1321 2317 non
1355 2272 1653 2337 oportere.
1678 2257 1856 2319 Sum·
1967 2278 1968 2304 ἢ

478 2357 576 2398 ma
615 2339 734 2398 laus
775 2340 839 2398 &
873 2357 1002 2413 tua,
1038 2340 1101 2399 &
1128 2335 1291 2405 Bruti
1321 2337 1437 2413 est,
1470 2338 1630 2435 quod
1666 2359 1850 2401 exer-

476 2422 658 2479 citum
691 2468 698 2475 .
737 2438 900 2481 raeter
947 2420 1108 2501 spem
1163 2418 1557 2481 existimamini
1594 2441 1850 2501 compa·
1963 2446 1964 2462 ¹

414 2530 418 2537 ·
479 2500 644 2560 raffe.
715 2502 998 2562 ‘cr-iberem
1030 2503 1195 2583 plura
1216 2547 1234 2572 ‚
1271 2504 1320 2562 si
1348 2522 1473 2562 rem
1504 2501 1847 2583 causamque
1960 2522 1962 2542 ⁴

473 2581 718 2643 noffem.
755 2581 928 2643 Nunc
961 2604 1090 2663 quae
1124 2581 1309 2643 scribo
1334 2628 1354 2657 ‚
1392 2582 1572 2645 scribo
1605 2604 1682 2643 >ex
1710 2587 1847 2664 opi-
1959 2598 1960 2622 l

475 2666 657 2724 nione
701 2661 1003 2724 hominum
1048 2681 1104 2724 at
1144 2684 1219 2725 ue
1252 2663 1426 2727 fama.
1482 2662 1643 2728 Tuas
1674 2665 1843 2729 linte-

475 2764 564 2807 ras
605 2744 775 2811 avide
813 2744 1102 2829 exspecto.
1198 2744 1311 2810 ale.

1957 2672 1958 2702 l

1954 2742 1957 2783 Ι

1952 2816 1955 2863 l
