<?xml version="1.0" encoding="UTF-8"?>
<!DOCTYPE html PUBLIC "-//W3C//DTD XHTML 1.0 Transitional//EN"
    "http://www.w3.org/TR/xhtml1/DTD/xhtml1-transitional.dtd">
<html xmlns="http://www.w3.org/1999/xhtml" xml:lang="en" lang="en">
 <head>
  <title>
</title>
<meta http-equiv="Content-Type" content="text/html;charset=utf-8" />
  <meta name='ocr-system' content='tesseract 3.04.00' />
  <meta name='ocr-capabilities' content='ocr_page ocr_carea ocr_par ocr_line ocrx_word'/>
</head>
<body>
  <div class='ocr_page' id='page_1' title='image "./mtulliiciceroni03ernegoog_0042.png"; bbox 0 0 1998 3814; ppageno 0'>
   <div class='ocr_carea' id='block_1_1' title="bbox 419 323 1573 429">
    <p class='ocr_par' dir='ltr' id='par_1_1' title="bbox 419 323 1573 429">
     <span class='ocr_line' id='line_1_1' title="bbox 419 323 1573 429; baseline -0.005 -30"><span class='ocrx_word' id='word_1_1' title='bbox 419 339 528 429; x_wconf 68' lang='lat'>32·</span> <span class='ocrx_word' id='word_1_2' title='bbox 681 323 1469 398; x_wconf 48' lang='lat' dir='ltr'>ems-romanu</span> <span class='ocrx_word' id='word_1_3' title='bbox 1524 329 1573 366; x_wconf 82' lang='lat'>‘-</span> 
     </span>
    </p>
   </div>
   <div class='ocr_carea' id='block_1_2' title="bbox 421 439 1805 748">
    <p class='ocr_par' dir='ltr' id='par_1_2' title="bbox 421 439 1805 748">
     <span class='ocr_line' id='line_1_2' title="bbox 421 439 1805 524; baseline 0 -20"><span class='ocrx_word' id='word_1_4' title='bbox 421 448 532 504; x_wconf 78' lang='lat' dir='ltr'>tius</span> <span class='ocrx_word' id='word_1_5' title='bbox 554 489 574 519; x_wconf 93' lang='lat'>‚</span> <span class='ocrx_word' id='word_1_6' title='bbox 608 440 670 503; x_wconf 69' lang='grc' dir='ltr'>ὅτ.</span> <span class='ocrx_word' id='word_1_7' title='bbox 706 440 734 524; x_wconf 92' lang='grc'><strong>(</strong></span> <span class='ocrx_word' id='word_1_8' title='bbox 774 458 838 503; x_wconf 90' lang='lat' dir='ltr'>ut</span> <span class='ocrx_word' id='word_1_9' title='bbox 875 441 1068 502; x_wconf 86' lang='lat' dir='ltr'>scribis</span> <span class='ocrx_word' id='word_1_10' title='bbox 1099 439 1127 522; x_wconf 96' lang='lat'>)</span> <span class='ocrx_word' id='word_1_11' title='bbox 1162 441 1527 503; x_wconf 80' lang='lat' dir='ltr'>reconditum</span> <span class='ocrx_word' id='word_1_12' title='bbox 1546 485 1565 517; x_wconf 89' lang='lat'>‚</span> <span class='ocrx_word' id='word_1_13' title='bbox 1610 443 1805 504; x_wconf 70' lang='lat' dir='ltr'>meo-“³</span> 
     </span>
     <span class='ocr_line' id='line_1_3' title="bbox 421 521 1803 605; baseline 0 -20"><span class='ocrx_word' id='word_1_14' title='bbox 421 543 556 585; x_wconf 85' lang='lat' dir='ltr'>rum</span> <span class='ocrx_word' id='word_1_15' title='bbox 596 525 850 605; x_wconf 76' lang='lat' dir='ltr'><strong>aliquem</strong></span> <span class='ocrx_word' id='word_1_16' title='bbox 886 521 1115 582; x_wconf 73' lang='lat' dir='ltr'><strong>mittam</strong></span> <span class='ocrx_word' id='word_1_17' title='bbox 1133 566 1153 594; x_wconf 91' lang='lat'><strong>,</strong></span> <span class='ocrx_word' id='word_1_18' title='bbox 1195 523 1313 602; x_wconf 75' lang='lat' dir='ltr'>qub</span> <span class='ocrx_word' id='word_1_19' title='bbox 1348 521 1574 583; x_wconf 72' lang='lat' dir='ltr'>fidelius</span> <span class='ocrx_word' id='word_1_20' title='bbox 1622 524 1699 582; x_wconf 80' lang='lat' dir='ltr'>ad</span> <span class='ocrx_word' id='word_1_21' title='bbox 1727 541 1803 585; x_wconf 80' lang='lat' dir='ltr'>te</span> 
     </span>
     <span class='ocr_line' id='line_1_4' title="bbox 423 601 1805 748; baseline -0.001 -81"><span class='ocrx_word' id='word_1_22' title='bbox 423 606 628 748; x_wconf 45' lang='lat' dir='ltr'><strong>1333ae</strong></span> <span class='ocrx_word' id='word_1_23' title='bbox 692 603 1068 684; x_wconf 76' lang='lat' dir='ltr'>perferantur.</span> <span class='ocrx_word' id='word_1_24' title='bbox 1112 601 1285 663; x_wconf 79' lang='lat' dir='ltr'>Vale.</span> <span class='ocrx_word' id='word_1_25' title='bbox 1339 601 1527 664; x_wconf 84' lang='lat' dir='ltr'>Pridie</span> <span class='ocrx_word' id='word_1_26' title='bbox 1582 601 1805 666; x_wconf 68' lang='lat' dir='ltr'>Nonas</span> 
     </span>
    </p>
   </div>
   <div class='ocr_carea' id='block_1_3' title="bbox 467 813 1757 887">
    <p class='ocr_par' dir='ltr' id='par_1_3' title="bbox 467 813 1757 887">
     <span class='ocr_line' id='line_1_5' title="bbox 467 813 1757 887; baseline 0.002 -3"><span class='ocrx_word' id='word_1_27' title='bbox 467 823 560 884; x_wconf 91' lang='lat' dir='ltr'>M.</span> <span class='ocrx_word' id='word_1_28' title='bbox 601 821 679 884; x_wconf 93' lang='lat' dir='ltr'>T.</span> <span class='ocrx_word' id='word_1_29' title='bbox 717 821 795 887; x_wconf 90' lang='lat' dir='ltr'>C.</span> <span class='ocrx_word' id='word_1_30' title='bbox 843 822 950 886; x_wconf 86' lang='lat' dir='ltr'>D..</span> <span class='ocrx_word' id='word_1_31' title='bbox 985 813 1226 885; x_wconf 50' lang='lat' dir='ltr'>Bauio</span> <span class='ocrx_word' id='word_1_32' title='bbox 1274 821 1420 886; x_wconf 81' lang='lat' dir='ltr'><strong>IMP.</strong></span> <span class='ocrx_word' id='word_1_33' title='bbox 1458 819 1521 883; x_wconf 89' lang='lat' dir='ltr'>S.</span> <span class='ocrx_word' id='word_1_34' title='bbox 1562 819 1629 885; x_wconf 89' lang='lat' dir='ltr'>P.</span> <span class='ocrx_word' id='word_1_35' title='bbox 1666 821 1757 886; x_wconf 91' lang='lat' dir='ltr'>D.</span> 
     </span>
    </p>
   </div>
   <div class='ocr_carea' id='block_1_4' title="bbox 425 965 1811 1105">
    <p class='ocr_par' dir='ltr' id='par_1_4' title="bbox 425 965 1811 1105">
     <span class='ocr_line' id='line_1_6' title="bbox 425 965 1811 1034; baseline -0.002 -15"><span class='ocrx_word' id='word_1_36' title='bbox 425 967 817 1020; x_wconf 65' lang='lat' dir='ltr'><em>COMMENDAT</em></span> <span class='ocrx_word' id='word_1_37' title='bbox 851 965 1059 1034; x_wconf 79' lang='lat' dir='ltr'>Appium</span> <span class='ocrx_word' id='word_1_38' title='bbox 1099 965 1343 1016; x_wconf 75' lang='lat' dir='ltr'>Claudium</span> <span class='ocrx_word' id='word_1_39' title='bbox 1363 1000 1381 1022; x_wconf 89' lang='lat'><em>,</em></span> <span class='ocrx_word' id='word_1_40' title='bbox 1420 980 1471 1014; x_wconf 77' lang='lat' dir='ltr'>ret</span> <span class='ocrx_word' id='word_1_41' title='bbox 1507 982 1568 1014; x_wconf 77' lang='lat' dir='ltr'>ex</span> <span class='ocrx_word' id='word_1_42' title='bbox 1604 965 1811 1029; x_wconf 74' lang='lat' dir='ltr'>hostium</span> 
     </span>
     <span class='ocr_line' id='line_1_7' title="bbox 594 1037 1631 1105; baseline -0.002 -13"><span class='ocrx_word' id='word_1_43' title='bbox 594 1059 786 1092; x_wconf 80' lang='lat' dir='ltr'>numero</span> <span class='ocrx_word' id='word_1_44' title='bbox 832 1042 1083 1092; x_wconf 71' lang='lat' dir='ltr'>eximatur.</span> <span class='ocrx_word' id='word_1_45' title='bbox 1130 1039 1277 1090; x_wconf 82' lang='lat' dir='ltr'>Anno</span> <span class='ocrx_word' id='word_1_46' title='bbox 1318 1037 1384 1089; x_wconf 82' lang='lat' dir='ltr'>U.</span> <span class='ocrx_word' id='word_1_47' title='bbox 1425 1040 1480 1089; x_wconf 86' lang='lat' dir='ltr'>C.</span> <span class='ocrx_word' id='word_1_48' title='bbox 1520 1055 1631 1105; x_wconf 73' lang='lat'>710.</span> 
     </span>
    </p>
   </div>
   <div class='ocr_carea' id='block_1_5' title="bbox 347 1169 1812 2945">
    <p class='ocr_par' dir='ltr' id='par_1_5' title="bbox 347 1169 1812 2945">
     <span class='ocr_line' id='line_1_8' title="bbox 435 1169 1809 1321; baseline -0.001 -20"><span class='ocrx_word' id='word_1_49' title='bbox 435 1257 537 1301; x_wconf 76' lang='lat'>22.</span> <span class='ocrx_word' id='word_1_50' title='bbox 563 1169 682 1300; x_wconf 71' lang='lat' dir='ltr'>C</span> <span class='ocrx_word' id='word_1_51' title='bbox 703 1258 820 1302; x_wconf 80' lang='grc' dir='ltr'>υΜ</span> <span class='ocrx_word' id='word_1_52' title='bbox 859 1238 1062 1321; x_wconf 73' lang='lat' dir='ltr'>Appio</span> <span class='ocrx_word' id='word_1_53' title='bbox 1106 1237 1357 1320; x_wconf 74' lang='lat' dir='ltr'>Claudio</span> <span class='ocrx_word' id='word_1_54' title='bbox 1379 1285 1405 1312; x_wconf 89' lang='lat'>,</span> <span class='ocrx_word' id='word_1_55' title='bbox 1446 1236 1575 1302; x_wconf 83' lang='lat' dir='ltr'>Caii</span> <span class='ocrx_word' id='word_1_56' title='bbox 1618 1238 1743 1300; x_wconf 84' lang='lat' dir='ltr'>filio</span> <span class='ocrx_word' id='word_1_57' title='bbox 1778 1250 1809 1318; x_wconf 74' lang='grc' dir='ltr'><strong><em>ζ</em></strong></span> 
     </span>
     <span class='ocr_line' id='line_1_9' title="bbox 434 1318 1806 1400; baseline 0.002 -20"><span class='ocrx_word' id='word_1_58' title='bbox 434 1319 659 1381; x_wconf 85' lang='lat' dir='ltr'>summa</span> <span class='ocrx_word' id='word_1_59' title='bbox 699 1322 844 1382; x_wconf 87' lang='lat' dir='ltr'><strong>mihi</strong></span> <span class='ocrx_word' id='word_1_60' title='bbox 883 1322 1250 1383; x_wconf 81' lang='lat' dir='ltr'>necessitudo</span> <span class='ocrx_word' id='word_1_61' title='bbox 1288 1319 1370 1383; x_wconf 90' lang='lat' dir='ltr'>est</span> <span class='ocrx_word' id='word_1_62' title='bbox 1392 1364 1411 1396; x_wconf 89' lang='lat'><strong>,</strong></span> <span class='ocrx_word' id='word_1_63' title='bbox 1452 1320 1644 1380; x_wconf 87' lang='lat' dir='ltr'>multis</span> <span class='ocrx_word' id='word_1_64' title='bbox 1672 1318 1806 1400; x_wconf 79' lang='lat' dir='ltr'>eius</span> 
     </span>
     <span class='ocr_line' id='line_1_10' title="bbox 437 1399 1805 1476; baseline 0.001 -14"><span class='ocrx_word' id='word_1_65' title='bbox 437 1399 643 1462; x_wconf 86' lang='lat' dir='ltr'>officiis</span> <span class='ocrx_word' id='word_1_66' title='bbox 677 1447 700 1476; x_wconf 89' lang='lat'>,</span> <span class='ocrx_word' id='word_1_67' title='bbox 745 1403 810 1463; x_wconf 91' lang='lat'>&amp;</span> <span class='ocrx_word' id='word_1_68' title='bbox 849 1405 997 1464; x_wconf 85' lang='lat' dir='ltr'>meis</span> <span class='ocrx_word' id='word_1_69' title='bbox 1030 1403 1243 1464; x_wconf 82' lang='lat' dir='ltr'>mutuis</span> <span class='ocrx_word' id='word_1_70' title='bbox 1288 1399 1607 1464; x_wconf 86' lang='lat' dir='ltr'><strong>constituta.</strong></span> <span class='ocrx_word' id='word_1_71' title='bbox 1651 1399 1805 1464; x_wconf 90' lang='lat' dir='ltr'>Peto</span> 
     </span>
     <span class='ocr_line' id='line_1_11' title="bbox 432 1479 1809 1563; baseline 0.001 -21"><span class='ocrx_word' id='word_1_72' title='bbox 432 1503 472 1542; x_wconf 82' lang='lat' dir='ltr'>a</span> <span class='ocrx_word' id='word_1_73' title='bbox 517 1499 578 1543; x_wconf 84' lang='lat' dir='ltr'>te</span> <span class='ocrx_word' id='word_1_74' title='bbox 629 1479 913 1563; x_wconf 82' lang='lat' dir='ltr'>majorem</span> <span class='ocrx_word' id='word_1_75' title='bbox 949 1485 1009 1544; x_wconf 88' lang='lat' dir='ltr'>in</span> <span class='ocrx_word' id='word_1_76' title='bbox 1050 1483 1293 1546; x_wconf 87' lang='lat' dir='ltr'>modum</span> <span class='ocrx_word' id='word_1_77' title='bbox 1316 1494 1349 1556; x_wconf 80' lang='grc'>“,</span> <span class='ocrx_word' id='word_1_78' title='bbox 1395 1483 1493 1545; x_wconf 77' lang='lat' dir='ltr'>vel</span> <span class='ocrx_word' id='word_1_79' title='bbox 1534 1483 1809 1544; x_wconf 83' lang='lat' dir='ltr'>humani-</span> 
     </span>
     <span class='ocr_line' id='line_1_12' title="bbox 433 1563 1806 1640; baseline 0.001 -17"><span class='ocrx_word' id='word_1_80' title='bbox 433 1566 567 1630; x_wconf 74' lang='lat' dir='ltr'>tatis</span> <span class='ocrx_word' id='word_1_81' title='bbox 609 1579 762 1639; x_wconf 86' lang='lat' dir='ltr'>tuae‚</span> <span class='ocrx_word' id='word_1_82' title='bbox 797 1565 896 1628; x_wconf 78' lang='lat' dir='ltr'>vel</span> <span class='ocrx_word' id='word_1_83' title='bbox 931 1565 1067 1626; x_wconf 60' lang='lat' dir='ltr'>mea</span> <span class='ocrx_word' id='word_1_84' title='bbox 1100 1564 1306 1640; x_wconf 62' lang='lat' dir='ltr'>causa,</span> <span class='ocrx_word' id='word_1_85' title='bbox 1342 1582 1407 1626; x_wconf 88' lang='lat' dir='ltr'>ut</span> <span class='ocrx_word' id='word_1_86' title='bbox 1440 1583 1578 1624; x_wconf 88' lang='lat' dir='ltr'>eum</span> <span class='ocrx_word' id='word_1_87' title='bbox 1602 1563 1806 1625; x_wconf 70' lang='grc' dir='ltr'>ειυὲὶο-</span> 
     </span>
     <span class='ocr_line' id='line_1_13' title="bbox 434 1643 1803 1727; baseline -0.001 -19"><span class='ocrx_word' id='word_1_88' title='bbox 434 1648 603 1709; x_wconf 80' lang='lat' dir='ltr'>ritate</span> <span class='ocrx_word' id='word_1_89' title='bbox 644 1645 741 1706; x_wconf 63' lang='lat' dir='ltr'>tua</span> <span class='ocrx_word' id='word_1_90' title='bbox 764 1690 785 1720; x_wconf 88' lang='lat'>‚</span> <span class='ocrx_word' id='word_1_91' title='bbox 821 1667 948 1727; x_wconf 83' lang='lat' dir='ltr'>quae</span> <span class='ocrx_word' id='word_1_92' title='bbox 982 1645 1295 1726; x_wconf 72' lang='lat' dir='ltr'>plurimum</span> <span class='ocrx_word' id='word_1_93' title='bbox 1326 1645 1487 1706; x_wconf 73' lang='lat' dir='ltr'>&#39;valet</span> <span class='ocrx_word' id='word_1_94' title='bbox 1507 1688 1527 1719; x_wconf 89' lang='lat'>‚</span> <span class='ocrx_word' id='word_1_95' title='bbox 1568 1643 1803 1706; x_wconf 85' lang='lat' dir='ltr'>conser-</span> 
     </span>
     <span class='ocr_line' id='line_1_14' title="bbox 435 1724 1803 1808; baseline 0.002 -23"><span class='ocrx_word' id='word_1_96' title='bbox 435 1742 639 1786; x_wconf 83' lang='lat' dir='ltr'>vatum</span> <span class='ocrx_word' id='word_1_97' title='bbox 681 1727 848 1788; x_wconf 86' lang='lat' dir='ltr'>velis.</span> <span class='ocrx_word' id='word_1_98' title='bbox 891 1725 1058 1787; x_wconf 90' lang='lat' dir='ltr'>Volo</span> <span class='ocrx_word' id='word_1_99' title='bbox 1091 1741 1149 1787; x_wconf 91' lang='lat' dir='ltr'>te</span> <span class='ocrx_word' id='word_1_100' title='bbox 1173 1771 1192 1800; x_wconf 91' lang='lat'><strong>,</strong></span> <span class='ocrx_word' id='word_1_101' title='bbox 1235 1747 1413 1808; x_wconf 87' lang='lat' dir='ltr'>quum</span> <span class='ocrx_word' id='word_1_102' title='bbox 1454 1724 1803 1788; x_wconf 83' lang='lat' dir='ltr'>fortissimus</span> 
     </span>
     <span class='ocr_line' id='line_1_15' title="bbox 436 1807 1804 1888; baseline 0.005 -25"><span class='ocrx_word' id='word_1_103' title='bbox 436 1808 530 1866; x_wconf 85' lang='lat' dir='ltr'>vir</span> <span class='ocrx_word' id='word_1_104' title='bbox 574 1807 833 1888; x_wconf 78' lang='lat' dir='ltr'>cognitus</span> <span class='ocrx_word' id='word_1_105' title='bbox 891 1809 966 1868; x_wconf 87' lang='lat' dir='ltr'>sis</span> <span class='ocrx_word' id='word_1_106' title='bbox 989 1851 1009 1880; x_wconf 91' lang='lat'><strong>,</strong></span> <span class='ocrx_word' id='word_1_107' title='bbox 1064 1808 1245 1868; x_wconf 84' lang='lat' dir='ltr'>etiam</span> <span class='ocrx_word' id='word_1_108' title='bbox 1288 1807 1804 1870; x_wconf 75' lang='lat' dir='ltr'>clementissimum</span> 
     </span>
     <span class='ocr_line' id='line_1_16' title="bbox 430 1883 1804 1970; baseline -0.001 -21"><span class='ocrx_word' id='word_1_109' title='bbox 430 1883 760 1949; x_wconf 80' lang='lat' dir='ltr'>existimari.</span> <span class='ocrx_word' id='word_1_110' title='bbox 806 1886 1033 1970; x_wconf 87' lang='lat' dir='ltr'>Magno</span> <span class='ocrx_word' id='word_1_111' title='bbox 1092 1887 1199 1949; x_wconf 82' lang='lat' dir='ltr'>tibi</span> <span class='ocrx_word' id='word_1_112' title='bbox 1248 1890 1358 1950; x_wconf 84' lang='lat' dir='ltr'>erit</span> <span class='ocrx_word' id='word_1_113' title='bbox 1406 1904 1749 1959; x_wconf 68' lang='lat' dir='ltr'>ornamento</span> <span class='ocrx_word' id='word_1_114' title='bbox 1779 1933 1804 1963; x_wconf 86' lang='lat'>,</span> 
     </span>
     <span class='ocr_line' id='line_1_17' title="bbox 437 1966 1805 2031; baseline 0.003 -4"><span class='ocrx_word' id='word_1_115' title='bbox 437 1968 858 2029; x_wconf 66' lang='lat' dir='ltr'>nobilissimum</span> <span class='ocrx_word' id='word_1_116' title='bbox 900 1967 1325 2031; x_wconf 83' lang='lat' dir='ltr'>adolescentem</span> <span class='ocrx_word' id='word_1_117' title='bbox 1369 1966 1654 2030; x_wconf 76' lang='lat' dir='ltr'>beneficio</span> <span class='ocrx_word' id='word_1_118' title='bbox 1696 1986 1805 2031; x_wconf 86' lang='lat' dir='ltr'>tuo</span> 
     </span>
     <span class='ocr_line' id='line_1_18' title="bbox 440 2046 1808 2131; baseline 0.003 -22"><span class='ocrx_word' id='word_1_119' title='bbox 440 2046 553 2111; x_wconf 81' lang='lat' dir='ltr'>effe</span> <span class='ocrx_word' id='word_1_120' title='bbox 586 2050 822 2111; x_wconf 80' lang='lat' dir='ltr'><strong>salvum.</strong></span> <span class='ocrx_word' id='word_1_121' title='bbox 859 2047 1043 2129; x_wconf 84' lang='lat' dir='ltr'>Cujus</span> <span class='ocrx_word' id='word_1_122' title='bbox 1080 2051 1317 2131; x_wconf 86' lang='lat' dir='ltr'>quidem</span> <span class='ocrx_word' id='word_1_123' title='bbox 1349 2049 1509 2111; x_wconf 83' lang='lat' dir='ltr'>causa</span> <span class='ocrx_word' id='word_1_124' title='bbox 1530 2051 1808 2113; x_wconf 60' lang='grc' dir='ltr'>ᾖδε-πιε-</span> 
     </span>
     <span class='ocr_line' id='line_1_19' title="bbox 437 2130 1804 2213; baseline 0.001 -22"><span class='ocrx_word' id='word_1_125' title='bbox 437 2131 550 2191; x_wconf 86' lang='lat' dir='ltr'>lior</span> <span class='ocrx_word' id='word_1_126' title='bbox 597 2132 774 2194; x_wconf 83' lang='lat' dir='ltr'>debet</span> <span class='ocrx_word' id='word_1_127' title='bbox 817 2130 931 2193; x_wconf 87' lang='lat' dir='ltr'>esse</span> <span class='ocrx_word' id='word_1_128' title='bbox 954 2178 974 2205; x_wconf 83' lang='lat'>‚</span> <span class='ocrx_word' id='word_1_129' title='bbox 1012 2132 1173 2213; x_wconf 75' lang='lat' dir='ltr'>qubd</span> <span class='ocrx_word' id='word_1_130' title='bbox 1222 2133 1433 2213; x_wconf 86' lang='lat' dir='ltr'>pietate</span> <span class='ocrx_word' id='word_1_131' title='bbox 1481 2130 1756 2193; x_wconf 66' lang='lat' dir='ltr'>adduRus</span> <span class='ocrx_word' id='word_1_132' title='bbox 1781 2176 1804 2208; x_wconf 90' lang='lat'><strong>,</strong></span> 
     </span>
     <span class='ocr_line' id='line_1_20' title="bbox 438 2210 1806 2293; baseline 0 -21"><span class='ocrx_word' id='word_1_133' title='bbox 438 2230 681 2292; x_wconf 87' lang='lat' dir='ltr'>propter</span> <span class='ocrx_word' id='word_1_134' title='bbox 710 2215 880 2293; x_wconf 87' lang='lat' dir='ltr'>patris</span> <span class='ocrx_word' id='word_1_135' title='bbox 913 2210 1327 2275; x_wconf 82' lang='lat' dir='ltr'>restitutionem</span> <span class='ocrx_word' id='word_1_136' title='bbox 1348 2258 1368 2287; x_wconf 89' lang='lat'>‚</span> <span class='ocrx_word' id='word_1_137' title='bbox 1408 2212 1461 2273; x_wconf 87' lang='lat' dir='ltr'>se</span> <span class='ocrx_word' id='word_1_138' title='bbox 1505 2233 1638 2273; x_wconf 89' lang='lat' dir='ltr'>cum</span> <span class='ocrx_word' id='word_1_139' title='bbox 1668 2212 1806 2272; x_wconf 89' lang='lat' dir='ltr'>An-</span> 
     </span>
     <span class='ocr_line' id='line_1_21' title="bbox 437 2290 1805 2373; baseline 0.001 -20"><span class='ocrx_word' id='word_1_140' title='bbox 437 2295 606 2353; x_wconf 88' lang='lat' dir='ltr'>tonio</span> <span class='ocrx_word' id='word_1_141' title='bbox 649 2290 966 2373; x_wconf 86' lang='lat' dir='ltr'><strong>conjunxit.</strong></span> <span class='ocrx_word' id='word_1_142' title='bbox 1005 2292 1207 2373; x_wconf 85' lang='lat' dir='ltr'>Quare</span> <span class='ocrx_word' id='word_1_143' title='bbox 1242 2296 1352 2355; x_wconf 84' lang='lat' dir='ltr'>etsi</span> <span class='ocrx_word' id='word_1_144' title='bbox 1383 2295 1571 2355; x_wconf 71' lang='lat' dir='ltr'>minus</span> <span class='ocrx_word' id='word_1_145' title='bbox 1596 2313 1805 2355; x_wconf 81' lang='lat' dir='ltr'>veram</span> 
     </span>
     <span class='ocr_line' id='line_1_22' title="bbox 440 2373 1805 2455; baseline 0.002 -22"><span class='ocrx_word' id='word_1_146' title='bbox 440 2373 666 2434; x_wconf 80' lang='lat' dir='ltr'>causam</span> <span class='ocrx_word' id='word_1_147' title='bbox 726 2373 962 2435; x_wconf 80' lang='lat' dir='ltr'>habebis</span> <span class='ocrx_word' id='word_1_148' title='bbox 988 2417 1010 2447; x_wconf 87' lang='lat'><strong>,</strong></span> <span class='ocrx_word' id='word_1_149' title='bbox 1053 2391 1248 2437; x_wconf 84' lang='lat' dir='ltr'>tamen</span> <span class='ocrx_word' id='word_1_150' title='bbox 1294 2374 1391 2435; x_wconf 85' lang='lat' dir='ltr'>vel</span> <span class='ocrx_word' id='word_1_151' title='bbox 1436 2374 1805 2455; x_wconf 82' lang='lat' dir='ltr'>probabilem</span> 
     </span>
     <span class='ocr_line' id='line_1_23' title="bbox 437 2453 1804 2537; baseline 0.001 -24"><span class='ocrx_word' id='word_1_152' title='bbox 437 2454 686 2537; x_wconf 76' lang='lat' dir='ltr'>aliquam</span> <span class='ocrx_word' id='word_1_153' title='bbox 723 2457 940 2535; x_wconf 87' lang='lat' dir='ltr'>poteris</span> <span class='ocrx_word' id='word_1_154' title='bbox 972 2455 1269 2518; x_wconf 86' lang='lat' dir='ltr'>inducere.</span> <span class='ocrx_word' id='word_1_155' title='bbox 1304 2453 1495 2515; x_wconf 83' lang='lat' dir='ltr'>Nutus</span> <span class='ocrx_word' id='word_1_156' title='bbox 1528 2474 1655 2517; x_wconf 83' lang='lat' dir='ltr'>tuus</span> <span class='ocrx_word' id='word_1_157' title='bbox 1685 2476 1804 2535; x_wconf 88' lang='lat' dir='ltr'>po·</span> 
     </span>
     <span class='ocr_line' id='line_1_24' title="bbox 437 2534 1804 2610; baseline 0 -15"><span class='ocrx_word' id='word_1_158' title='bbox 437 2534 546 2596; x_wconf 89' lang='lat' dir='ltr'>test</span> <span class='ocrx_word' id='word_1_159' title='bbox 578 2534 876 2602; x_wconf 78' lang='lat' dir='ltr'>hominem</span> <span class='ocrx_word' id='word_1_160' title='bbox 898 2582 918 2610; x_wconf 91' lang='lat'>‚</span> <span class='ocrx_word' id='word_1_161' title='bbox 953 2534 1176 2597; x_wconf 87' lang='lat' dir='ltr'>summo</span> <span class='ocrx_word' id='word_1_162' title='bbox 1212 2536 1347 2596; x_wconf 87' lang='lat' dir='ltr'>loco</span> <span class='ocrx_word' id='word_1_163' title='bbox 1380 2554 1610 2609; x_wconf 81' lang='lat' dir='ltr'>natum,</span> <span class='ocrx_word' id='word_1_164' title='bbox 1644 2534 1804 2599; x_wconf 85' lang='lat' dir='ltr'>sum-</span> 
     </span>
     <span class='ocr_line' id='line_1_25' title="bbox 347 2614 1803 2700; baseline 0 -23"><span class='ocrx_word' id='word_1_165' title='bbox 347 2634 360 2647; x_wconf 83' lang='lat'><strong>·</strong></span> <span class='ocrx_word' id='word_1_166' title='bbox 438 2637 542 2677; x_wconf 88' lang='lat' dir='ltr'>mo</span> <span class='ocrx_word' id='word_1_167' title='bbox 583 2619 860 2700; x_wconf 76' lang='lat' dir='ltr'>ingenie,</span> <span class='ocrx_word' id='word_1_168' title='bbox 910 2614 1133 2677; x_wconf 56' lang='lat' dir='ltr'>summ&amp;</span> <span class='ocrx_word' id='word_1_169' title='bbox 1174 2617 1383 2682; x_wconf 55' lang='lat' dir='ltr'>v&#39;Uute</span> <span class='ocrx_word' id='word_1_170' title='bbox 1414 2662 1433 2691; x_wconf 91' lang='lat'>‚</span> <span class='ocrx_word' id='word_1_171' title='bbox 1485 2616 1803 2678; x_wconf 87' lang='lat' dir='ltr'><strong>officiosis·-</strong></span> 
     </span>
     <span class='ocr_line' id='line_1_26' title="bbox 435 2697 1801 2781; baseline 0.002 -25"><span class='ocrx_word' id='word_1_172' title='bbox 435 2698 648 2759; x_wconf 85' lang='lat' dir='ltr'>simum</span> <span class='ocrx_word' id='word_1_173' title='bbox 692 2715 967 2781; x_wconf 66' lang='lat' dir='ltr'>praeterea</span> <span class='ocrx_word' id='word_1_174' title='bbox 1007 2697 1070 2757; x_wconf 90' lang='lat'>&amp;</span> <span class='ocrx_word' id='word_1_175' title='bbox 1106 2699 1489 2780; x_wconf 73' lang='lat' dir='ltr'>gratissimum</span> <span class='ocrx_word' id='word_1_176' title='bbox 1514 2743 1533 2770; x_wconf 91' lang='lat'>‚</span> <span class='ocrx_word' id='word_1_177' title='bbox 1572 2697 1801 2759; x_wconf 85' lang='lat' dir='ltr'>incolu-</span> 
     </span>
     <span class='ocr_line' id='line_1_27' title="bbox 437 2776 1801 2857; baseline 0 -17"><span class='ocrx_word' id='word_1_178' title='bbox 437 2798 596 2842; x_wconf 86' lang='lat' dir='ltr'>mem</span> <span class='ocrx_word' id='word_1_179' title='bbox 640 2780 701 2839; x_wconf 92' lang='lat' dir='ltr'>in</span> <span class='ocrx_word' id='word_1_180' title='bbox 760 2782 992 2841; x_wconf 82' lang='lat' dir='ltr'>civitate</span> <span class='ocrx_word' id='word_1_181' title='bbox 1052 2782 1319 2841; x_wconf 85' lang='lat' dir='ltr'>retinere.</span> <span class='ocrx_word' id='word_1_182' title='bbox 1370 2777 1561 2857; x_wconf 87' lang='lat' dir='ltr'>Quod</span> <span class='ocrx_word' id='word_1_183' title='bbox 1600 2796 1665 2841; x_wconf 86' lang='lat' dir='ltr'>ut</span> <span class='ocrx_word' id='word_1_184' title='bbox 1706 2776 1801 2840; x_wconf 81' lang='lat' dir='ltr'>fa-</span> 
     </span>
     <span class='ocr_line' id='line_1_28' title="bbox 434 2857 1812 2945; baseline 0.003 -24"><span class='ocrx_word' id='word_1_185' title='bbox 434 2860 594 2936; x_wconf 80' lang='lat' dir='ltr'>cias,</span> <span class='ocrx_word' id='word_1_186' title='bbox 632 2862 714 2929; x_wconf 79' lang='lat' dir='ltr'>ita</span> <span class='ocrx_word' id='word_1_187' title='bbox 766 2882 812 2926; x_wconf 81' lang='lat' dir='ltr'>a·</span> <span class='ocrx_word' id='word_1_188' title='bbox 853 2878 914 2927; x_wconf 88' lang='lat' dir='ltr'>te</span> <span class='ocrx_word' id='word_1_189' title='bbox 957 2876 1099 2945; x_wconf 86' lang='lat' dir='ltr'>peto</span> <span class='ocrx_word' id='word_1_190' title='bbox 1120 2904 1142 2936; x_wconf 76' lang='lat'>‚</span> <span class='ocrx_word' id='word_1_191' title='bbox 1190 2876 1252 2925; x_wconf 87' lang='lat' dir='ltr'>ut</span> <span class='ocrx_word' id='word_1_192' title='bbox 1295 2857 1514 2942; x_wconf 78' lang='lat' dir='ltr'>majore</span> <span class='ocrx_word' id='word_1_193' title='bbox 1562 2858 1747 2925; x_wconf 77' lang='lat' dir='ltr'>studio</span> <span class='ocrx_word' id='word_1_194' title='bbox 1777 2902 1812 2937; x_wconf 79' lang='grc'>.-</span> 
     </span>
    </p>
   </div>
  </div>
 </body>
</html>
