1998 3814
299 338 422 388 AD
447 320 906 388 FAMIHAR.
937 318 1124 388 Lm.
1148 317 1321 387 XII.
1388 318 1491 410 67

128 451 274 494 unam
306 457 344 491 a
378 436 543 494 nobis
615 451 719 494 unt
757 450 1025 512 excepta.
1082 433 1229 494 Certi
1276 431 1303 515 (
1346 434 1499 513 quod

133 517 334 574 maxime·
368 517 538 574 timui
653 516 846 574 videor
885 511 987 591 effi
1034 513 1342 592 consecutus
1370 560 1388 586 ,
1428 531 1491 574 ut

130 617 219 656 non
241 598 425 676 possit
461 596 789 655 Dolabella
826 595 888 652 in
923 593 1153 654 Italiam
1172 599 1489 676 pervenire,

129 697 242 749 nec,
271 677 396 756 suis
422 676 608 755 sociis
636 677 886 754 firmatis
905 718 924 746 ‚
959 677 1151 735 durius
1192 677 1347 738 vobis
1376 676 1493 757 effi·

126 777 219 816 cere
251 761 552 839 negotium.
605 757 822 816 Rhodii
863 777 964 816 nos
1012 755 1067 816 θ’
1106 759 1487 836 rempublicam

127 838 262 914 quam
291 839 466 898 valde
495 837 909 916 desperaverint
929 880 949 909 ,
983 856 1054 894 ex
1082 837 1277 896 litteris
1296 883 1317 910 ,
1352 859 1493 917 quas

119 917 314 995 publici
349 921 528 990 misi,
584 916 868 997 cognosces
899 939 918 976 .·
968 918 1024 976 6*
1069 921 1279 996 quidem
1322 918 1491 976 multo

121 999 321 1076 parcius
341 997 584 1078 scripsi.
625 998 832 1056 Mirati
863 998 1023 1056 noli:
1056 999 1196 1056 mira
1223 1001 1291 1079 est
1313 1019 1490 1057 eorum

130 1083 368 1138 amentia.
429 1079 564 1138 Nec
611 1099 700 1136 me
757 1098 882 1135 meae
921 1079 1055 1136 ullae
1093 1081 1355 1160 privatim
1399 1081 1493 1138 in·

114 1156 264 1236 jutia
315 1181 586 1238 umquam
633 1182 651 1218 .-
713 1159 893 1216 malus
941 1161 1161 1220 animus
1210 1181 1388 1218 eorum
1432 1162 1493 1218 in

125 1244 328 1314 noſtram
339 1241 594 1319 salutem
613 1283 633 1311 ,
663 1241 940 1318 cupiditas
957 1241 1197 1319 partium
1226 1241 1495 1314 altarem,

119 1321 512 1402 perseverantia
555 1323 619 1380 in
657 1321 1049 1399 contemptione
1083 1324 1273 1402 optimi
1302 1315 1492 1400 cujus:-

126 1424 248 1480 que‚
281 1400 534 1482 ferenda
589 1401 728 1461 milti
781 1423 890 1460 non
925 1398 1067 1478 fuit.
1134 1406 1258 1461 Nec
1310 1420 1491 1461 tamen

127 1503 286 1544 omnes
313 1485 578 1564 perditos
623 1479 723 1558 effi
767 1499 948 1561 puto:
991 1481 1099 1559 sed
1143 1484 1307 1540 iidem
1346 1483 1438 1542 illi
1468 1527 1493 1556 ‚

125 1566 210 1642 qui
251 1583 356 1622 tum
397 1560 716 1644 fugientem
761 1578 972 1641 patrem
1017 1583 1187 1622 meum
1207 1607 1227 1635 ‚
1280 1565 1373 1642 qui
1424 1565 1493 1624 L.

132 1647 400 1704 Lentulum
425 1689 446 1718 ,
490 1643 591 1723 qui
634 1643 954 1722 Pompeium
980 1685 1001 1714 ,
1041 1644 1155 1722 qui.
1174 1661 1373 1704 ceteros
1402 1645 1495 1702 vi·

129 1747 210 1784 ros
241 1727 588 1784 clarissimos
614 1745 731 1782 non
761 1743 1068 1804 receperunt
1086 1765 1107 1796 ‚
1130 1725 1291 1784 iidem
1306 1767 1326 1796 ‚
1357 1744 1500 1785 tam-

130 1827 275 1884 quam
310 1808 518 1884 aliquo
549 1802 682 1884 sato
707 1848 730 1877 ,
781 1805 838 1864 6·
873 1824 1019 1864 nunc
1065 1823 1165 1864 aut
1213 1807 1493 1886 magistra·

127 1905 226 1951 tum
243 1904 447 1969 gerunt
475 1893 502 1961 ·,'
553 1901 656 1945 aut
703 1905 794 1946 eos
829 1930 850 1958 ,
899 1885 992 1965 qui
1028 1885 1159 1964 sum
1194 1889 1253 1947 in
1284 1884 1492 1968 magis-

127 1986 264 2029 tratu
281 2014 300 2043 ,
335 1973 396 2029 in
416 1968 536 2046 sua
565 1967 765 2027 habent
786 1968 1060 2047 potestate.
1084 1970 1277 2047 Itaque
1306 1970 1495 2027 ecident

118 2050 367 2130 superbia
403 2051 470 2109 in
508 2051 794 2129 pravitate
833 2066 1076 2109 utuntur.
1111 2054 1352 2132 Quorum
1390 2052 1495 2110 im-

125 2131 442 2210 probitatem
479 2128 790 2208 aliquando
833 2132 1047 2189 retundi
1080 2172 1101 2202 ‚
1140 2132 1192 2187 ὅ·
1231 2152 1339 2188 non
1368 2130 1499 2211 pati.

130 2212 441 2292 impunitate
483 2212 711 2292 augeri,
743 2233 852 2271 non
875 2208 1057 2289 solum
1104 2209 1239 2269 utile
1279 2211 1348 2288 est
1386 2212 1497 2268 rei-

127 2294 354 2372 publicae
393 2293 580 2372 nostra
603 2334 626 2364 ,
656 2290 760 2371 sid
793 2293 954 2351 etiam
989 2288 1357 2369 neceffiarium.
1394 2292 1494 2349 De

135 2374 296 2454 nostra
351 2373 621 2455 dignitate
670 2372 837 2433 velim
879 2372 979 2431 tibi
1020 2388 1079 2431 ut
1108 2362 1321 2453 simper
1351 2392 1495 2431 curae

137 2456 202 2513 sit
219 2478 238 2515 :
281 2454 340 2514 6·
385 2474 716 2533 quocumque
747 2472 976 2532 tempore
1014 2454 1347 2512 occasionem
1388 2454 1497 2511 ha-

142 2534 306 2593 bueris
329 2576 350 2608 ‚
405 2534 463 2593 6·
513 2536 575 2592 in
613 2532 814 2611 senatu
841 2576 860 2605 ,
909 2532 964 2595 ἃ
1010 2534 1067 2591 in
1116 2534 1303 2593 ceteris
1338 2534 1495 2591 rebus

146 2613 294 2673 laudi
335 2616 518 2693 nostra
548 2610 862 2693 suffi‘agete.
933 2612 1211 2693 Quoniam
1256 2611 1499 2689 consuli-

142 2694 240 2752 bus
275 2696 488 2753 decreta
523 2693 593 2772 est
624 2696 777 2751 Asia
799 2737 818 2765 ,
865 2694 934 2753 δ”
953 2691 1252 2773 permiffum
1288 2692 1361 2771 est
1386 2694 1501 2765 iis,

144 2792 234 2846 ut,
277 2778 406 2833 dum
458 2773 570 2853 ipsi
613 2775 901 2847 venirent,
941 2774 1129 2831 darent
1174 2772 1443 2851 negotium
1474 2816 1499 2845 ,

145 2858 228 2933 qui
267 2856 470 2919 Asiam
515 2854 794 2916 obtineant
824 2875 854 2928 ,-
906 2872 1033 2935 toga
1088 2870 1140 2912 te
1162 2894 1183 2929 ,
1225 2869 1386 2935 petas
1423 2854 1519 2937 ab-
