1998 3814
441 371 598 451 252
737 355 1501 450 EPlsroLARviff
1551 405 1571 416 .

437 492 569 536 teat.
597 474 690 532 Ne
721 471 936 554 longior·
963 473 1066 530 sim
1086 517 1105 543 ,
1131 474 1258 534 vale
1275 517 1297 544 ,
1324 474 1379 534 6·
1406 495 1486 532 me
1499 517 1521 544 ,
1546 491 1619 534 ut
1636 472 1853 553 flans&

441 577 589 614 ama.
626 553 693 614 Si
731 549 908 632 Caefizr
942 553 1117 626 vicit,
1156 556 1399 614 celeriter
1430 577 1510 614 me
1551 557 1855 638 exsp-effa..

543 683 636 746 M.
665 679 847 742 T.C.
890 679 1384 745 Tnssnouro
1426 683 1501 744 P.
1534 683 1607 746 S.
1640 679 1737 744 D.

443 819 718 874 LIBRUM,
747 835 876 886 qqaem
911 817 1165 880 Oratorem
1199 814 1470 886 inscripsit,
1492 819 1657 868 mittit
1690 833 1711 866 .·
1742 815 1853 868 Sa·

516 889 727 942 binorum
758 891 1046 959 probitatem
1082 891 1247 940 laudat
1274 908 1293 940 .·
1330 891 1596 942 cubricus
1640 891 1853 958 litteras

509 964 738 1034 postulat.
783 962 934 1030 Miffa
973 964 1025 1014 in
1053 964 1220 1014 Asiam
1250 965 1359 1033 post
1398 961 1605 1032 Caesaris
1647 981 1843 1016 necem.

518 1038 664 1088 Anno
705 1035 770 1088 U.
799 1039 851 1088 C.
886 1054 1007 1102 7022

449 1217 546 1259 20.
577 1125 1131 1260 ORATOREM
1193 1217 1391 1257 meum
1448 1195 1601 1337 Ssic
1670 1198 1845 1256 enim

445 1278 742 1359 inscripsi)
775 1277 992 1338 Sabino
1030 1295 1133 1338 tuo
1174 1299 1444 1338 commen
1488 1281 1612 1338 avi.
1646 1275 1841 1336 Natio

444 1379 542 1419 me
574 1358 824 1418 hominis
857 1359 1123 1438 impulit,
1148 1377 1213 1420 ut
1243 1361 1297 1418 ei
1330 1357 1479 1418 reike
1514 1375 1843 1440 putarem,

446 1441 558 1500 nisi
595 1437 747 1500 forte
787 1439 1225 1500 candidatorum
1260 1439 1495 1500 licentia
1532 1440 1637 1500 hie
1678 1459 1837 1519 quo·

447 1541 564 1604 que
598 1519 761 1591 usus»,
790 1517 903 1580 hoc
937 1519 1120 1580 subito
1157 1539 1487 1601 cognomen
1528 1522 1779 1599 arripuit
1806 1537 1835 1575 a

446 1605 556 1664 etsi
591 1598 878 1661 modestus
913 1599 1038 1679 ejus
1067 1600 1297 1674 vultus,
1318 1599 1629 1682 sermoque
1670 1619 1829 1660 con-

447 1680 636 1756 stans,
661 1682 876 1766 habere
952 1681 1188 1740 uiddam
1219 1703 1255 1740 a
1280 1679 1533 1741 Curibus
1566 1679 1835 1741 videba-

443 1777 559 1824 tur.
590 1762 708 1823 Sed
740 1762 814 1821 de
845 1761 882 1821 S
959 1765 1059 1822 ino
1090 1761 1237 1822 satis.
1256 1759 1387 1835 Tu,
1407 1765 1490 1822 mi
1512 1761 1829 1832 Treboni,

447 1843 683 1925 quando
713 1842 786 1902 ad
814 1863 1076 1902 amorem
1101 1861 1295 1902 meum
1322 1842 1395 1902 ali
1440 1861 1691 1904 uantum
1716 1838 1835 1919 dis·⁶

447 1924 662 1985 cedens
695 1921 1001 1995 addidisti3
1028 1925 1144 2005 quo
1177 1924 1419 1985 tolerabi
1442 1928 1527 1985 ius
1562 1924 1819 1985 feramus

443 2005 762 2086 igniculum
791 2000 1063 2065 desiderii
1090 2004 1439 2078 tui‚crebris
1471 2027 1583 2065 nos
1612 2005 1825 2065 litteris

448 2108 483 2144 a
528 2085 743 2166 pellato
767 2105 788 2158 ;
816 2102 987 2224 atffue
1020 2088 1099 2145 ita
1118 2130 1138 2157 ,
1160 2088 1212 2145 si.
1241 2085 1399 2145 idem
1430 2084 1534 2146 fiet
1564 2107 1603 2145 a
1630 2084 1825 2145 nobis.

522 2186 830 2247 uamquam
911 2186 1001 2226 uae
1044 2164 1219 2225 causae
1258 2165 1419 2237 sunt,
1454 2188 1555 2227 cur
1592 2186 1663 2229 tu
1694 2164 1818 2225 fre·

447 2252 716 2331 quentior
746 2248 806 2307 in
837 2244 941 2307 isto
977 2244 1172 2307 officio
1190 2244 1321 2307 'effe
1363 2247 1577 2307 debeas
1596 2293 1617 2320 ‚
1642 2244 1823 2329 quam

446 2349 557 2388 nos
595 2350 610 2386 ε
654 2329 940 2409 primum,
977 2326 1138 2407 quod
1191 2327 1332 2387 olim
1387 2326 1692 2403 solebant,
1718 2326 1815 2407 qui

447 2406 659 2468 Romae
705 2424 866 2471 erant
889 2454 910 2485 ‚
941 2410 1016 2467 ad
1055 2407 1440 2487 provinciales
1480 2411 1705 2469 amicos
1742 2406 1817 2467 de

446 2488 739 2571 republica
771 2488 1021 2549 scribere
1050 2508 1068 2560 ;
1109 2509 1260 2549 nunc
1296 2505 1359 2547 tu
1398 2490 1568 2549 nohis
1610 2488 1813 2549 scribas

415 2643 420 2649 .
447 2587 684 2651 oportet
704 2592 723 2643 ;
746 2589 834 2631 res
861 2568 1271 2709 enimffipublica
1294 2566 1411 2629 istic
1434 2566 1531 2631 est.
1550 2567 1815 2641 Deinde,

449 2652 610 2733 quod
647 2672 756 2713 nos
795 2650 916 2711 aliis
956 2672 993 2709 0
1060 2650 1160 2709 ciis
1200 2648 1304 2711 tihi
1346 2648 1564 2711 absenti
1603 2648 1811 2712 satisfa-

451 2753 583 2795 cere
613 2730 904 2817 possumus
928 2751 948 2804 ;
974 2749 1037 2791 tu
1073 2728 1277 2804 nobis,
1295 2732 1403 2789 nisi
1432 2732 1672 2806 litteris,
1692 2750 1809 2791 non.

447 2816 666 2889 video,
729 2812 802 2873 ιιὲι
844 2833 902 2875 re
942 2812 1055 2871 alia
1090 2807 1408 2873 satisfacere
1448 2814 1656 2893 possis.
1696 2808 1809 2872 Sed

453 2912 644 2958 cetera
714 2894 894 2957 cribes
942 2892 1017 2955 ad
1062 2912 1168 2954 nos
1214 2889 1429 2973 postea.
1473 2890 1642 2957 Nunc
1684 2894 1803 2953 haec
