<?xml version="1.0" encoding="UTF-8"?>
<!DOCTYPE html PUBLIC "-//W3C//DTD XHTML 1.0 Transitional//EN"
    "http://www.w3.org/TR/xhtml1/DTD/xhtml1-transitional.dtd">
<html xmlns="http://www.w3.org/1999/xhtml" xml:lang="en" lang="en">
 <head>
  <title>
</title>
<meta http-equiv="Content-Type" content="text/html;charset=utf-8" />
  <meta name='ocr-system' content='tesseract 3.04.00' />
  <meta name='ocr-capabilities' content='ocr_page ocr_carea ocr_par ocr_line ocrx_word'/>
</head>
<body>
  <div class='ocr_page' id='page_1' title='image "./mtulliiciceroni03ernegoog_0327.png"; bbox 0 0 1998 3814; ppageno 0'>
   <div class='ocr_carea' id='block_1_1' title="bbox 358 346 1558 444">
    <p class='ocr_par' dir='ltr' id='par_1_1' title="bbox 358 346 1558 444">
     <span class='ocr_line' id='line_1_1' title="bbox 358 346 1558 444; baseline 0.003 -29"><span class='ocrx_word' id='word_1_1' title='bbox 358 365 484 416; x_wconf 74' lang='lat' dir='ltr'><strong>AD</strong></span> <span class='ocrx_word' id='word_1_2' title='bbox 515 346 621 440; x_wconf 77' lang='lat' dir='ltr'><strong>Q.</strong></span> <span class='ocrx_word' id='word_1_3' title='bbox 652 348 1060 416; x_wconf 67' lang='lat' dir='ltr'><em>FRATREM</em></span> <span class='ocrx_word' id='word_1_4' title='bbox 1089 348 1260 418; x_wconf 75' lang='lat' dir='ltr'><strong>Lm.</strong></span> <span class='ocrx_word' id='word_1_5' title='bbox 1289 347 1349 417; x_wconf 90' lang='lat'><strong>1.</strong></span> <span class='ocrx_word' id='word_1_6' title='bbox 1409 357 1558 444; x_wconf 74' lang='lat'><strong>319·</strong></span> 
     </span>
    </p>
   </div>
   <div class='ocr_carea' id='block_1_2' title="bbox 154 457 1612 3023">
    <p class='ocr_par' dir='ltr' id='par_1_2' title="bbox 154 457 1612 3023">
     <span class='ocr_line' id='line_1_2' title="bbox 160 457 1564 544; baseline 0.003 -22"><span class='ocrx_word' id='word_1_7' title='bbox 160 459 263 522; x_wconf 71' lang='grc' dir='ltr'><strong>δῖε</strong></span> <span class='ocrx_word' id='word_1_8' title='bbox 296 459 407 544; x_wconf 87' lang='lat' dir='ltr'><strong>(ut</strong></span> <span class='ocrx_word' id='word_1_9' title='bbox 440 460 593 543; x_wconf 82' lang='lat' dir='ltr'><strong>saepe</strong></span> <span class='ocrx_word' id='word_1_10' title='bbox 630 458 703 520; x_wconf 86' lang='lat' dir='ltr'><strong>ad</strong></span> <span class='ocrx_word' id='word_1_11' title='bbox 734 475 797 520; x_wconf 88' lang='lat' dir='ltr'><strong>te</strong></span> <span class='ocrx_word' id='word_1_12' title='bbox 826 457 1066 544; x_wconf 81' lang='lat' dir='ltr'>scripsi)</span> <span class='ocrx_word' id='word_1_13' title='bbox 1097 465 1342 524; x_wconf 72' lang='lat' dir='ltr'><strong>nimium</strong></span> <span class='ocrx_word' id='word_1_14' title='bbox 1373 483 1434 526; x_wconf 83' lang='lat' dir='ltr'><strong>te</strong></span> <span class='ocrx_word' id='word_1_15' title='bbox 1467 469 1564 526; x_wconf 62' lang='lat' dir='ltr'><strong>ina</strong></span> 
     </span>
     <span class='ocr_line' id='line_1_3' title="bbox 158 538 1562 626; baseline 0.003 -22"><span class='ocrx_word' id='word_1_16' title='bbox 158 543 540 604; x_wconf 78' lang='lat' dir='ltr'>exorabilem</span> <span class='ocrx_word' id='word_1_17' title='bbox 571 538 900 624; x_wconf 69' lang='lat' dir='ltr'><strong>praebuisti:</strong></span> <span class='ocrx_word' id='word_1_18' title='bbox 932 543 1074 604; x_wconf 86' lang='lat' dir='ltr'><strong>tolle</strong></span> <span class='ocrx_word' id='word_1_19' title='bbox 1105 565 1349 618; x_wconf 88' lang='lat' dir='ltr'><strong>omnes,</strong></span> <span class='ocrx_word' id='word_1_20' title='bbox 1375 547 1422 603; x_wconf 81' lang='lat' dir='ltr'><strong>si</strong></span> <span class='ocrx_word' id='word_1_21' title='bbox 1453 568 1562 626; x_wconf 80' lang='lat' dir='ltr'><strong>po·-</strong></span> 
     </span>
     <span class='ocr_line' id='line_1_4' title="bbox 154 623 1556 704; baseline 0.003 -20"><span class='ocrx_word' id='word_1_22' title='bbox 154 642 255 684; x_wconf 78' lang='lat' dir='ltr'><strong>tes</strong></span> <span class='ocrx_word' id='word_1_23' title='bbox 275 670 295 698; x_wconf 92' lang='lat'>‚</span> <span class='ocrx_word' id='word_1_24' title='bbox 318 627 550 704; x_wconf 87' lang='lat' dir='ltr'><strong>iniquas</strong></span> <span class='ocrx_word' id='word_1_25' title='bbox 568 667 589 696; x_wconf 88' lang='lat'>‚</span> <span class='ocrx_word' id='word_1_26' title='bbox 612 623 757 684; x_wconf 85' lang='lat' dir='ltr'><strong>tolle</strong></span> <span class='ocrx_word' id='word_1_27' title='bbox 794 625 1088 684; x_wconf 61' lang='lat' dir='ltr'><strong>inusitatas</strong></span> <span class='ocrx_word' id='word_1_28' title='bbox 1106 669 1124 700; x_wconf 84' lang='lat'>‚</span> <span class='ocrx_word' id='word_1_29' title='bbox 1153 626 1294 686; x_wconf 83' lang='lat' dir='ltr'><strong>tolle</strong></span> <span class='ocrx_word' id='word_1_30' title='bbox 1327 643 1556 688; x_wconf 83' lang='lat' dir='ltr'><strong>eontra-</strong></span> 
     </span>
     <span class='ocr_line' id='line_1_5' title="bbox 156 702 1612 788; baseline 0.003 -24"><span class='ocrx_word' id='word_1_31' title='bbox 156 707 300 765; x_wconf 75' lang='lat' dir='ltr'><strong>rias,</strong></span> <span class='ocrx_word' id='word_1_32' title='bbox 348 703 567 765; x_wconf 82' lang='lat' dir='ltr'><strong>Statius</strong></span> <span class='ocrx_word' id='word_1_33' title='bbox 614 702 758 764; x_wconf 79' lang='lat' dir='ltr'><strong>mihi</strong></span> <span class='ocrx_word' id='word_1_34' title='bbox 802 707 1056 764; x_wconf 78' lang='lat' dir='ltr'><strong>narravit</strong></span> <span class='ocrx_word' id='word_1_35' title='bbox 1101 705 1330 788; x_wconf 82' lang='lat' dir='ltr'><strong>scriptas</strong></span> <span class='ocrx_word' id='word_1_36' title='bbox 1373 708 1448 768; x_wconf 87' lang='lat' dir='ltr'><strong>ad</strong></span> <span class='ocrx_word' id='word_1_37' title='bbox 1489 726 1555 770; x_wconf 85' lang='lat' dir='ltr'><strong>te</strong></span> <span class='ocrx_word' id='word_1_38' title='bbox 1599 737 1612 750; x_wconf 92' lang='lat'><strong>·</strong></span> 
     </span>
     <span class='ocr_line' id='line_1_6' title="bbox 155 782 1558 870; baseline 0.002 -26"><span class='ocrx_word' id='word_1_39' title='bbox 155 785 356 846; x_wconf 86' lang='lat' dir='ltr'><strong>solere</strong></span> <span class='ocrx_word' id='word_1_40' title='bbox 414 783 650 858; x_wconf 85' lang='lat' dir='ltr'><strong>afferri,</strong></span> <span class='ocrx_word' id='word_1_41' title='bbox 690 785 765 842; x_wconf 87' lang='lat' dir='ltr'><strong>ab</strong></span> <span class='ocrx_word' id='word_1_42' title='bbox 812 782 873 845; x_wconf 90' lang='lat' dir='ltr'><strong>se</strong></span> <span class='ocrx_word' id='word_1_43' title='bbox 920 785 1078 867; x_wconf 87' lang='lat' dir='ltr'><strong>legi,</strong></span> <span class='ocrx_word' id='word_1_44' title='bbox 1116 787 1214 862; x_wconf 88' lang='lat'><strong>&amp;‚</strong></span> <span class='ocrx_word' id='word_1_45' title='bbox 1252 791 1298 846; x_wconf 84' lang='lat' dir='ltr'><strong>si</strong></span> <span class='ocrx_word' id='word_1_46' title='bbox 1337 789 1558 870; x_wconf 79' lang='lat' dir='ltr'><strong>iniquae·</strong></span> 
     </span>
     <span class='ocr_line' id='line_1_7' title="bbox 158 862 1556 948; baseline 0.003 -22"><span class='ocrx_word' id='word_1_47' title='bbox 158 867 285 926; x_wconf 86' lang='lat' dir='ltr'><strong>sint</strong></span> <span class='ocrx_word' id='word_1_48' title='bbox 306 915 325 941; x_wconf 86' lang='lat'>,</span> <span class='ocrx_word' id='word_1_49' title='bbox 357 862 491 926; x_wconf 81' lang='lat' dir='ltr'><strong>fieri</strong></span> <span class='ocrx_word' id='word_1_50' title='bbox 541 882 601 924; x_wconf 87' lang='lat' dir='ltr'><strong>te</strong></span> <span class='ocrx_word' id='word_1_51' title='bbox 652 863 1007 924; x_wconf 83' lang='lat' dir='ltr'><strong>certiorem:</strong></span> <span class='ocrx_word' id='word_1_52' title='bbox 1051 883 1362 948; x_wconf 85' lang='lat' dir='ltr'><strong>antequam</strong></span> <span class='ocrx_word' id='word_1_53' title='bbox 1404 870 1556 930; x_wconf 75' lang='lat' dir='ltr'><strong>verb</strong></span> 
     </span>
     <span class='ocr_line' id='line_1_8' title="bbox 154 942 1560 1032; baseline 0.002 -26"><span class='ocrx_word' id='word_1_54' title='bbox 154 945 289 1032; x_wconf 86' lang='lat' dir='ltr'><strong>ipse</strong></span> <span class='ocrx_word' id='word_1_55' title='bbox 330 945 410 1004; x_wconf 87' lang='lat' dir='ltr'><strong>ad</strong></span> <span class='ocrx_word' id='word_1_56' title='bbox 456 964 519 1005; x_wconf 89' lang='lat' dir='ltr'><strong>te</strong></span> <span class='ocrx_word' id='word_1_57' title='bbox 556 942 799 1006; x_wconf 82' lang='lat' dir='ltr'><strong>venisset</strong></span> <span class='ocrx_word' id='word_1_58' title='bbox 816 989 835 1017; x_wconf 85' lang='lat'>‚</span> <span class='ocrx_word' id='word_1_59' title='bbox 864 945 1090 1005; x_wconf 84' lang='lat' dir='ltr'><strong>nullum</strong></span> <span class='ocrx_word' id='word_1_60' title='bbox 1129 948 1416 1008; x_wconf 64' lang='lat' dir='ltr'><strong>delecium</strong></span> <span class='ocrx_word' id='word_1_61' title='bbox 1451 951 1560 1009; x_wconf 72' lang='lat' dir='ltr'><strong>lit-&#39;</strong></span> 
     </span>
     <span class='ocr_line' id='line_1_9' title="bbox 155 1023 1558 1091; baseline 0.003 -4"><span class='ocrx_word' id='word_1_62' title='bbox 155 1045 429 1088; x_wconf 88' lang='lat' dir='ltr'><strong>terarum</strong></span> <span class='ocrx_word' id='word_1_63' title='bbox 470 1023 633 1085; x_wconf 82' lang='lat' dir='ltr'><strong>fuiss&#39;e</strong></span> <span class='ocrx_word' id='word_1_64' title='bbox 667 1046 682 1084; x_wconf 75' lang='lat' dir='ltr'>t</span> <span class='ocrx_word' id='word_1_65' title='bbox 722 1045 797 1085; x_wconf 83' lang='lat' dir='ltr'><strong>ex</strong></span> <span class='ocrx_word' id='word_1_66' title='bbox 836 1035 911 1086; x_wconf 87' lang='lat' dir='ltr'><strong>e&#39;o</strong></span> <span class='ocrx_word' id='word_1_67' title='bbox 958 1024 1074 1086; x_wconf 79' lang='lat' dir='ltr'><strong>effe</strong></span> <span class='ocrx_word' id='word_1_68' title='bbox 1113 1028 1416 1089; x_wconf 78' lang='lat' dir='ltr'><strong>volumina</strong></span> <span class='ocrx_word' id='word_1_69' title='bbox 1459 1029 1558 1091; x_wconf 75' lang='lat' dir='ltr'><strong>se·-</strong></span> 
     </span>
     <span class='ocr_line' id='line_1_10' title="bbox 156 1105 1560 1188; baseline 0.003 -22"><span class='ocrx_word' id='word_1_70' title='bbox 156 1105 451 1167; x_wconf 64' lang='lat' dir='ltr'><strong>lefiiarum</strong></span> <span class='ocrx_word' id='word_1_71' title='bbox 487 1105 894 1185; x_wconf 85' lang='lat' dir='ltr'><strong>epistolarum,</strong></span> <span class='ocrx_word' id='word_1_72' title='bbox 919 1127 1052 1187; x_wconf 82' lang='lat' dir='ltr'><strong>quae</strong></span> <span class='ocrx_word' id='word_1_73' title='bbox 1087 1109 1434 1188; x_wconf 85' lang='lat' dir='ltr'><strong>reprehendi</strong></span> <span class='ocrx_word' id='word_1_74' title='bbox 1469 1109 1560 1170; x_wconf 85' lang='lat' dir='ltr'><strong>so·</strong></span> 
     </span>
     <span class='ocr_line' id='line_1_11' title="bbox 156 1185 1560 1270; baseline 0.002 -23"><span class='ocrx_word' id='word_1_75' title='bbox 156 1189 381 1247; x_wconf 78' lang='lat' dir='ltr'><strong>lerent.</strong></span> <span class='ocrx_word' id='word_1_76' title='bbox 420 1185 559 1246; x_wconf 90' lang='lat' dir='ltr'><strong>Hoc</strong></span> <span class='ocrx_word' id='word_1_77' title='bbox 596 1186 669 1246; x_wconf 91' lang='lat' dir='ltr'><strong>de</strong></span> <span class='ocrx_word' id='word_1_78' title='bbox 714 1205 930 1267; x_wconf 87' lang='lat' dir='ltr'><strong>genere</strong></span> <span class='ocrx_word' id='word_1_79' title='bbox 973 1186 1114 1246; x_wconf 81' lang='lat' dir='ltr'>nihil</span> <span class='ocrx_word' id='word_1_80' title='bbox 1151 1203 1212 1248; x_wconf 87' lang='lat' dir='ltr'><strong>te</strong></span> <span class='ocrx_word' id='word_1_81' title='bbox 1251 1209 1402 1249; x_wconf 91' lang='lat' dir='ltr'><strong>nunc</strong></span> <span class='ocrx_word' id='word_1_82' title='bbox 1429 1193 1560 1270; x_wconf 88' lang='lat' dir='ltr'><strong>qui-</strong></span> 
     </span>
     <span class='ocr_line' id='line_1_12' title="bbox 160 1264 1558 1352; baseline -0.006 -24"><span class='ocrx_word' id='word_1_83' title='bbox 160 1268 311 1328; x_wconf 87' lang='lat' dir='ltr'><strong>dem</strong></span> <span class='ocrx_word' id='word_1_84' title='bbox 349 1285 623 1339; x_wconf 82' lang='lat' dir='ltr'><strong>mone03</strong></span> <span class='ocrx_word' id='word_1_85' title='bbox 661 1265 788 1326; x_wconf 73' lang='lat' dir='ltr'><strong>sero</strong></span> <span class='ocrx_word' id='word_1_86' title='bbox 826 1264 909 1326; x_wconf 89' lang='lat' dir='ltr'><strong>est</strong></span> <span class='ocrx_word' id='word_1_87' title='bbox 937 1269 1138 1344; x_wconf 83' lang='lat' dir='ltr'><strong>enim,</strong></span> <span class='ocrx_word' id='word_1_88' title='bbox 1162 1289 1230 1328; x_wconf 84' lang='lat' dir='ltr'><strong>ac</strong></span> <span class='ocrx_word' id='word_1_89' title='bbox 1265 1270 1406 1331; x_wconf 88' lang='lat' dir='ltr'><strong>scire</strong></span> <span class='ocrx_word' id='word_1_90' title='bbox 1443 1293 1558 1352; x_wconf 81' lang='lat' dir='ltr'><strong>po..</strong></span> 
     </span>
     <span class='ocr_line' id='line_1_13' title="bbox 163 1347 1562 1430; baseline 0.004 -20"><span class='ocrx_word' id='word_1_91' title='bbox 163 1365 263 1410; x_wconf 82' lang='lat' dir='ltr'><strong>tes</strong></span> <span class='ocrx_word' id='word_1_92' title='bbox 292 1347 481 1407; x_wconf 83' lang='lat' dir='ltr'><strong>multa</strong></span> <span class='ocrx_word' id='word_1_93' title='bbox 505 1367 603 1408; x_wconf 84' lang='lat' dir='ltr'><strong>me</strong></span> <span class='ocrx_word' id='word_1_94' title='bbox 622 1347 783 1406; x_wconf 72' lang='lat' dir='ltr'><strong>varie</strong></span> <span class='ocrx_word' id='word_1_95' title='bbox 810 1347 1232 1430; x_wconf 78' lang='lat' dir='ltr'><strong>diligenterque</strong></span> <span class='ocrx_word' id='word_1_96' title='bbox 1255 1352 1562 1416; x_wconf 63' lang='lat' dir='ltr'><strong>monuiss‘es</strong></span> 
     </span>
     <span class='ocr_line' id='line_1_14' title="bbox 166 1426 1561 1510; baseline 0.003 -21"><span class='ocrx_word' id='word_1_97' title='bbox 166 1427 333 1490; x_wconf 80' lang='lat' dir='ltr'><strong>Illud</strong></span> <span class='ocrx_word' id='word_1_98' title='bbox 355 1446 591 1501; x_wconf 86' lang='lat' dir='ltr'><strong>tamen,</strong></span> <span class='ocrx_word' id='word_1_99' title='bbox 620 1427 781 1508; x_wconf 88' lang='lat' dir='ltr'><strong>quod</strong></span> <span class='ocrx_word' id='word_1_100' title='bbox 810 1426 1217 1510; x_wconf 85' lang='lat' dir='ltr'><strong>Theopompo</strong></span> <span class='ocrx_word' id='word_1_101' title='bbox 1247 1432 1522 1494; x_wconf 84' lang='lat' dir='ltr'><strong>mandavi</strong></span> <span class='ocrx_word' id='word_1_102' title='bbox 1539 1479 1561 1508; x_wconf 86' lang='lat'>‚</span> 
     </span>
     <span class='ocr_line' id='line_1_15' title="bbox 166 1506 1566 1593; baseline 0.004 -25"><span class='ocrx_word' id='word_1_103' title='bbox 166 1530 362 1592; x_wconf 80' lang='lat' dir='ltr'><strong>quum</strong></span> <span class='ocrx_word' id='word_1_104' title='bbox 400 1506 580 1570; x_wconf 79' lang='lat' dir='ltr'><strong>effem</strong></span> <span class='ocrx_word' id='word_1_105' title='bbox 614 1509 945 1569; x_wconf 84' lang='lat' dir='ltr'><strong>admonitus</strong></span> <span class='ocrx_word' id='word_1_106' title='bbox 982 1510 1058 1569; x_wconf 85' lang='lat' dir='ltr'><strong>ab</strong></span> <span class='ocrx_word' id='word_1_107' title='bbox 1088 1511 1249 1592; x_wconf 86' lang='lat' dir='ltr'><strong>ipso,</strong></span> <span class='ocrx_word' id='word_1_108' title='bbox 1275 1511 1416 1572; x_wconf 78' lang='lat' dir='ltr'><strong>vide</strong></span> <span class='ocrx_word' id='word_1_109' title='bbox 1453 1533 1566 1593; x_wconf 84' lang='lat' dir='ltr'><strong>per</strong></span> 
     </span>
     <span class='ocr_line' id='line_1_16' title="bbox 163 1589 1563 1670; baseline 0.001 -18"><span class='ocrx_word' id='word_1_110' title='bbox 163 1592 449 1653; x_wconf 85' lang='lat' dir='ltr'><strong>homines</strong></span> <span class='ocrx_word' id='word_1_111' title='bbox 492 1605 751 1649; x_wconf 85' lang='lat' dir='ltr'><strong>amantes</strong></span> <span class='ocrx_word' id='word_1_112' title='bbox 792 1591 873 1649; x_wconf 78' lang='lat' dir='ltr'><strong>tui</strong></span> <span class='ocrx_word' id='word_1_113' title='bbox 896 1590 1106 1670; x_wconf 77' lang='lat' dir='ltr'><strong>‚quod</strong></span> <span class='ocrx_word' id='word_1_114' title='bbox 1146 1589 1230 1652; x_wconf 86' lang='lat' dir='ltr'><strong>est</strong></span> <span class='ocrx_word' id='word_1_115' title='bbox 1265 1591 1471 1667; x_wconf 84' lang='lat' dir='ltr'><strong>facile,</strong></span> <span class='ocrx_word' id='word_1_116' title='bbox 1495 1609 1563 1654; x_wconf 86' lang='lat' dir='ltr'><strong>ut</strong></span> 
     </span>
     <span class='ocr_line' id='line_1_17' title="bbox 164 1669 1561 1754; baseline 0.001 -23"><span class='ocrx_word' id='word_1_117' title='bbox 164 1672 299 1732; x_wconf 82' lang='lat' dir='ltr'><strong>haec</strong></span> <span class='ocrx_word' id='word_1_118' title='bbox 333 1689 551 1753; x_wconf 86' lang='lat' dir='ltr'><strong>genera</strong></span> <span class='ocrx_word' id='word_1_119' title='bbox 578 1669 856 1730; x_wconf 86' lang='lat' dir='ltr'><strong>tollantur</strong></span> <span class='ocrx_word' id='word_1_120' title='bbox 882 1669 1282 1750; x_wconf 81' lang='lat' dir='ltr'><strong>epistolarum,</strong></span> <span class='ocrx_word' id='word_1_121' title='bbox 1307 1675 1561 1754; x_wconf 74' lang='lat' dir='ltr'><strong>primum</strong></span> 
     </span>
     <span class='ocr_line' id='line_1_18' title="bbox 164 1750 1564 1832; baseline 0.002 -20"><span class='ocrx_word' id='word_1_122' title='bbox 164 1754 507 1832; x_wconf 72' lang='lat' dir='ltr'><strong>iniquarum</strong></span> <span class='ocrx_word' id='word_1_123' title='bbox 527 1795 546 1824; x_wconf 87' lang='lat'>‚</span> <span class='ocrx_word' id='word_1_124' title='bbox 575 1750 785 1811; x_wconf 87' lang='lat' dir='ltr'><strong>deinde</strong></span> <span class='ocrx_word' id='word_1_125' title='bbox 820 1751 1234 1813; x_wconf 79' lang='lat' dir='ltr'><strong>‘contrariarum</strong></span> <span class='ocrx_word' id='word_1_126' title='bbox 1254 1797 1273 1827; x_wconf 90' lang='lat'><strong>,</strong></span> <span class='ocrx_word' id='word_1_127' title='bbox 1296 1770 1422 1815; x_wconf 86' lang='lat' dir='ltr'><strong>tum</strong></span> <span class='ocrx_word' id='word_1_128' title='bbox 1459 1755 1564 1815; x_wconf 87' lang='lat' dir='ltr'><strong>ab-</strong></span> 
     </span>
     <span class='ocr_line' id='line_1_19' title="bbox 166 1829 1560 1915; baseline 0.004 -23"><span class='ocrx_word' id='word_1_129' title='bbox 166 1829 347 1893; x_wconf 71' lang='lat' dir='ltr'><strong>surde</strong></span> <span class='ocrx_word' id='word_1_130' title='bbox 378 1832 443 1892; x_wconf 88' lang='lat'>&amp;</span> <span class='ocrx_word' id='word_1_131' title='bbox 470 1832 736 1892; x_wconf 72' lang='lat' dir='ltr'><strong>inusitate</strong></span> <span class='ocrx_word' id='word_1_132' title='bbox 770 1830 1142 1913; x_wconf 77' lang='lat' dir='ltr'><strong>scriptarum,</strong></span> <span class='ocrx_word' id='word_1_133' title='bbox 1169 1832 1461 1915; x_wconf 73' lang='lat' dir='ltr'><strong>postremo</strong></span> <span class='ocrx_word' id='word_1_134' title='bbox 1497 1839 1560 1898; x_wconf 89' lang='lat' dir='ltr'><strong>in</strong></span> 
     </span>
     <span class='ocr_line' id='line_1_20' title="bbox 168 1911 1560 1999; baseline 0.001 -22"><span class='ocrx_word' id='word_1_135' title='bbox 168 1915 438 1995; x_wconf 78' lang='lat' dir='ltr'><strong>aliquem</strong></span> <span class='ocrx_word' id='word_1_136' title='bbox 474 1911 1042 1973; x_wconf 84' lang='lat' dir='ltr'><strong>contumeliosarum.</strong></span> <span class='ocrx_word' id='word_1_137' title='bbox 1070 1914 1268 1997; x_wconf 88' lang='lat' dir='ltr'><strong>Atque</strong></span> <span class='ocrx_word' id='word_1_138' title='bbox 1293 1937 1409 1999; x_wconf 88' lang='lat' dir='ltr'><strong>ego</strong></span> <span class='ocrx_word' id='word_1_139' title='bbox 1434 1917 1560 1978; x_wconf 84' lang='lat' dir='ltr'><strong>haec</strong></span> 
     </span>
     <span class='ocr_line' id='line_1_21' title="bbox 168 1992 1555 2076; baseline 0.001 -20"><span class='ocrx_word' id='word_1_140' title='bbox 168 2013 303 2057; x_wconf 82' lang='lat' dir='ltr'><strong>tam</strong></span> <span class='ocrx_word' id='word_1_141' title='bbox 339 1992 457 2055; x_wconf 79' lang='lat' dir='ltr'><strong>effe</strong></span> <span class='ocrx_word' id='word_1_142' title='bbox 478 2036 499 2067; x_wconf 84' lang='lat'><strong>,</strong></span> <span class='ocrx_word' id='word_1_143' title='bbox 524 1994 699 2075; x_wconf 63' lang='lat' dir='ltr'><strong>quam</strong></span> <span class='ocrx_word' id='word_1_144' title='bbox 740 1994 916 2055; x_wconf 86' lang='lat' dir='ltr'><strong>audio</strong></span> <span class='ocrx_word' id='word_1_145' title='bbox 938 2040 957 2069; x_wconf 89' lang='lat'>‚</span> <span class='ocrx_word' id='word_1_146' title='bbox 984 2016 1106 2055; x_wconf 88' lang='lat' dir='ltr'><strong>non</strong></span> <span class='ocrx_word' id='word_1_147' title='bbox 1146 2012 1290 2076; x_wconf 89' lang='lat' dir='ltr'><strong>puto</strong></span> <span class='ocrx_word' id='word_1_148' title='bbox 1320 2017 1339 2070; x_wconf 81' lang='lat'>3</span> <span class='ocrx_word' id='word_1_149' title='bbox 1375 1998 1440 2057; x_wconf 76' lang='grc' dir='ltr'><strong>δι</strong></span> <span class='ocrx_word' id='word_1_150' title='bbox 1460 2042 1476 2069; x_wconf 93' lang='grc'><em>,</em></span> <span class='ocrx_word' id='word_1_151' title='bbox 1507 2002 1555 2065; x_wconf 80' lang='lat' dir='ltr'><strong>si</strong></span> 
     </span>
     <span class='ocr_line' id='line_1_22' title="bbox 168 2075 1563 2154; baseline -0.001 -17"><span class='ocrx_word' id='word_1_152' title='bbox 168 2075 308 2137; x_wconf 84' lang='lat' dir='ltr'><strong>sunt</strong></span> <span class='ocrx_word' id='word_1_153' title='bbox 354 2075 839 2154; x_wconf 82' lang='lat' dir='ltr'><strong>occupationibus</strong></span> <span class='ocrx_word' id='word_1_154' title='bbox 886 2078 997 2135; x_wconf 82' lang='lat' dir='ltr'><strong>tuis</strong></span> <span class='ocrx_word' id='word_1_155' title='bbox 1049 2078 1240 2137; x_wconf 72' lang='lat' dir='ltr'><strong>minus</strong></span> <span class='ocrx_word' id='word_1_156' title='bbox 1289 2077 1563 2136; x_wconf 84' lang='lat' dir='ltr'><strong>animad-</strong></span> 
     </span>
     <span class='ocr_line' id='line_1_23' title="bbox 169 2154 1563 2295; baseline -0.001 -76"><span class='ocrx_word' id='word_1_157' title='bbox 169 2154 382 2227; x_wconf 73' lang='lat' dir='ltr'><strong>versa,</strong></span> <span class='ocrx_word' id='word_1_158' title='bbox 406 2173 556 2216; x_wconf 87' lang='lat' dir='ltr'><strong>nunc</strong></span> <span class='ocrx_word' id='word_1_159' title='bbox 592 2154 887 2236; x_wconf 85' lang='lat' dir='ltr'><strong>perspice,</strong></span> <span class='ocrx_word' id='word_1_160' title='bbox 912 2157 973 2215; x_wconf 90' lang='lat'>&amp;</span> <span class='ocrx_word' id='word_1_161' title='bbox 1003 2176 1208 2295; x_wconf 62' lang='lat' dir='ltr'><strong>purga.</strong></span> <span class='ocrx_word' id='word_1_162' title='bbox 1244 2154 1388 2239; x_wconf 85' lang='lat' dir='ltr'><strong>Legi</strong></span> <span class='ocrx_word' id='word_1_163' title='bbox 1426 2160 1563 2237; x_wconf 88' lang='lat' dir='ltr'><strong>epi-</strong></span> 
     </span>
     <span class='ocr_line' id='line_1_24' title="bbox 170 2234 1568 2317; baseline 0 -20"><span class='ocrx_word' id='word_1_164' title='bbox 170 2235 422 2309; x_wconf 83' lang='lat' dir='ltr'><strong>stolam,</strong></span> <span class='ocrx_word' id='word_1_165' title='bbox 448 2254 623 2317; x_wconf 85' lang='lat' dir='ltr'><strong>quam</strong></span> <span class='ocrx_word' id='word_1_166' title='bbox 660 2236 779 2315; x_wconf 87' lang='lat' dir='ltr'><strong>ipse</strong></span> <span class='ocrx_word' id='word_1_167' title='bbox 813 2234 1088 2316; x_wconf 85' lang='lat' dir='ltr'><strong>scripsisse</strong></span> <span class='ocrx_word' id='word_1_168' title='bbox 1163 2236 1278 2296; x_wconf 81' lang='lat' dir='ltr'><strong>ulla</strong></span> <span class='ocrx_word' id='word_1_169' title='bbox 1315 2238 1568 2299; x_wconf 60' lang='lat' dir='ltr'><strong>nomeni-</strong></span> 
     </span>
     <span class='ocr_line' id='line_1_25' title="bbox 174 2314 1560 2399; baseline 0.001 -22"><span class='ocrx_word' id='word_1_170' title='bbox 174 2317 371 2377; x_wconf 83' lang='lat' dir='ltr'><strong>elator</strong></span> <span class='ocrx_word' id='word_1_171' title='bbox 416 2316 597 2375; x_wconf 69' lang='lat' dir='ltr'><strong>distas</strong></span> <span class='ocrx_word' id='word_1_172' title='bbox 646 2314 727 2375; x_wconf 87' lang='lat' dir='ltr'><strong>est</strong></span> <span class='ocrx_word' id='word_1_173' title='bbox 747 2361 767 2389; x_wconf 92' lang='lat'>‚</span> <span class='ocrx_word' id='word_1_174' title='bbox 797 2337 919 2375; x_wconf 89' lang='lat' dir='ltr'><strong>non</strong></span> <span class='ocrx_word' id='word_1_175' title='bbox 1011 2317 1332 2377; x_wconf 86' lang='lat' dir='ltr'><strong>robandam</strong></span> <span class='ocrx_word' id='word_1_176' title='bbox 1375 2339 1391 2376; x_wconf 79' lang='grc' dir='ltr'><em>τ</em></span> <span class='ocrx_word' id='word_1_177' title='bbox 1439 2319 1560 2399; x_wconf 76' lang='lat' dir='ltr'><strong>legi</strong></span> 
     </span>
     <span class='ocr_line' id='line_1_26' title="bbox 171 2338 1559 2479; baseline 0.001 -20"><span class='ocrx_word' id='word_1_178' title='bbox 171 2395 489 2459; x_wconf 68' lang='lat' dir='ltr'><strong>nonnullas</strong></span> <span class='ocrx_word' id='word_1_179' title='bbox 524 2398 840 2456; x_wconf 85' lang='lat' dir='ltr'><strong>iracundas.</strong></span> <span class='ocrx_word' id='word_1_180' title='bbox 866 2338 1007 2457; x_wconf 63' lang='lat' dir='ltr'><strong>serf</strong></span> <span class='ocrx_word' id='word_1_181' title='bbox 1018 2415 1284 2479; x_wconf 84' lang='lat' dir='ltr'><strong>tempore</strong></span> <span class='ocrx_word' id='word_1_182' title='bbox 1318 2398 1444 2479; x_wconf 90' lang='lat' dir='ltr'><strong>ipso</strong></span> <span class='ocrx_word' id='word_1_183' title='bbox 1483 2384 1559 2461; x_wconf 72' lang='lat' dir='ltr'><strong>de</strong></span> 
     </span>
     <span class='ocr_line' id='line_1_27' title="bbox 174 2474 1567 2561; baseline 0.002 -23"><span class='ocrx_word' id='word_1_184' title='bbox 174 2476 462 2559; x_wconf 84' lang='lat' dir='ltr'><strong>epistolis.</strong></span> <span class='ocrx_word' id='word_1_185' title='bbox 497 2474 651 2535; x_wconf 87' lang='lat' dir='ltr'><strong>Nam</strong></span> <span class='ocrx_word' id='word_1_186' title='bbox 688 2496 867 2559; x_wconf 90' lang='lat' dir='ltr'><strong>quum</strong></span> <span class='ocrx_word' id='word_1_187' title='bbox 901 2477 1050 2537; x_wconf 85' lang='lat' dir='ltr'><strong>hanc</strong></span> <span class='ocrx_word' id='word_1_188' title='bbox 1087 2482 1356 2561; x_wconf 81' lang='lat' dir='ltr'><strong>paginam</strong></span> <span class='ocrx_word' id='word_1_189' title='bbox 1391 2497 1567 2541; x_wconf 88' lang='lat' dir='ltr'><strong>tene-</strong></span> 
     </span>
     <span class='ocr_line' id='line_1_28' title="bbox 175 2555 1564 2639; baseline 0.001 -20"><span class='ocrx_word' id='word_1_190' title='bbox 175 2577 347 2631; x_wconf 89' lang='lat' dir='ltr'><strong>rem,</strong></span> <span class='ocrx_word' id='word_1_191' title='bbox 379 2556 451 2617; x_wconf 87' lang='lat' dir='ltr'><strong>L.</strong></span> <span class='ocrx_word' id='word_1_192' title='bbox 465 2555 695 2618; x_wconf 85' lang='lat' dir='ltr'><strong>Flavius</strong></span> <span class='ocrx_word' id='word_1_193' title='bbox 735 2574 946 2639; x_wconf 82' lang='lat' dir='ltr'><strong>praetor</strong></span> <span class='ocrx_word' id='word_1_194' title='bbox 986 2558 1106 2619; x_wconf 86' lang='lat' dir='ltr'><strong>desi</strong></span> <span class='ocrx_word' id='word_1_195' title='bbox 1152 2578 1316 2621; x_wconf 82' lang='lat' dir='ltr'><strong>natus</strong></span> <span class='ocrx_word' id='word_1_196' title='bbox 1355 2560 1428 2618; x_wconf 87' lang='lat' dir='ltr'><strong>ad</strong></span> <span class='ocrx_word' id='word_1_197' title='bbox 1461 2580 1564 2620; x_wconf 87' lang='lat' dir='ltr'><strong>me</strong></span> 
     </span>
     <span class='ocr_line' id='line_1_29' title="bbox 177 2580 1561 2713; baseline -0.003 -12"><span class='ocrx_word' id='word_1_198' title='bbox 177 2638 577 2711; x_wconf 77' lang='lat' dir='ltr'><strong>venit‚homo</strong></span> <span class='ocrx_word' id='word_1_199' title='bbox 602 2636 742 2697; x_wconf 83' lang='lat' dir='ltr'><strong>mihi</strong></span> <span class='ocrx_word' id='word_1_200' title='bbox 768 2638 939 2700; x_wconf 80' lang='lat' dir='ltr'><strong>valde</strong></span> <span class='ocrx_word' id='word_1_201' title='bbox 968 2580 1280 2701; x_wconf 43' lang='lat' dir='ltr'><strong>famiffiari&amp;</strong></span> <span class='ocrx_word' id='word_1_202' title='bbox 1300 2636 1357 2697; x_wconf 85' lang='lat' dir='ltr'><strong>Is</strong></span> <span class='ocrx_word' id='word_1_203' title='bbox 1383 2640 1561 2713; x_wconf 86' lang='lat' dir='ltr'><strong>mihi,</strong></span> 
     </span>
     <span class='ocr_line' id='line_1_30' title="bbox 180 2716 1562 2799; baseline 0 -20"><span class='ocrx_word' id='word_1_204' title='bbox 180 2734 245 2780; x_wconf 85' lang='lat' dir='ltr'><strong>te</strong></span> <span class='ocrx_word' id='word_1_205' title='bbox 292 2719 369 2779; x_wconf 86' lang='lat' dir='ltr'><strong>ad</strong></span> <span class='ocrx_word' id='word_1_206' title='bbox 416 2733 819 2799; x_wconf 85' lang='lat' dir='ltr'><strong>procuratores</strong></span> <span class='ocrx_word' id='word_1_207' title='bbox 870 2719 1003 2780; x_wconf 84' lang='lat' dir='ltr'><strong>suos</strong></span> <span class='ocrx_word' id='word_1_208' title='bbox 1055 2719 1266 2780; x_wconf 85' lang='lat' dir='ltr'><strong>litteras</strong></span> <span class='ocrx_word' id='word_1_209' title='bbox 1311 2716 1518 2779; x_wconf 81' lang='lat' dir='ltr'><strong>misiss&#39;e</strong></span> <span class='ocrx_word' id='word_1_210' title='bbox 1541 2763 1562 2792; x_wconf 89' lang='lat'><strong>,</strong></span> 
     </span>
     <span class='ocr_line' id='line_1_31' title="bbox 180 2798 1561 2881; baseline 0.002 -22"><span class='ocrx_word' id='word_1_211' title='bbox 180 2821 315 2881; x_wconf 85' lang='lat' dir='ltr'><strong>quae</strong></span> <span class='ocrx_word' id='word_1_212' title='bbox 348 2800 493 2859; x_wconf 82' lang='lat' dir='ltr'><strong>mihi</strong></span> <span class='ocrx_word' id='word_1_213' title='bbox 524 2798 659 2859; x_wconf 78' lang='lat' dir='ltr'><strong>visae</strong></span> <span class='ocrx_word' id='word_1_214' title='bbox 696 2798 822 2860; x_wconf 88' lang='lat' dir='ltr'><strong>sunt</strong></span> <span class='ocrx_word' id='word_1_215' title='bbox 860 2800 1277 2879; x_wconf 82' lang='lat' dir='ltr'><strong>iniquissimae3</strong></span> <span class='ocrx_word' id='word_1_216' title='bbox 1309 2817 1386 2857; x_wconf 87' lang='lat' dir='ltr'><strong>ne</strong></span> <span class='ocrx_word' id='word_1_217' title='bbox 1423 2800 1561 2879; x_wconf 83' lang='lat' dir='ltr'><strong>quid</strong></span> 
     </span>
     <span class='ocr_line' id='line_1_32' title="bbox 182 2877 1563 3023; baseline 0 -81"><span class='ocrx_word' id='word_1_218' title='bbox 182 2882 263 2949; x_wconf 76' lang='lat' dir='ltr'><strong>de</strong></span> <span class='ocrx_word' id='word_1_219' title='bbox 294 2880 501 2955; x_wconf 81' lang='lat' dir='ltr'><strong>bonis,</strong></span> <span class='ocrx_word' id='word_1_220' title='bbox 524 2900 652 2965; x_wconf 67' lang='lat' dir='ltr'><strong>quae</strong></span> <span class='ocrx_word' id='word_1_221' title='bbox 679 2878 749 2941; x_wconf 87' lang='lat' dir='ltr'><strong>L.</strong></span> <span class='ocrx_word' id='word_1_222' title='bbox 766 2878 1004 2942; x_wconf 63' lang='lat' dir='ltr'><strong>ociavii</strong></span> <span class='ocrx_word' id='word_1_223' title='bbox 1033 2877 1563 3023; x_wconf 53' lang='lat' dir='ltr'><strong>Nasfflgffffiffenss</strong></span> 
     </span>
     <span class='ocr_line' id='line_1_33' title="bbox 1299 2980 1362 3023; baseline 0.048 -3"><span class='ocrx_word' id='word_1_224' title='bbox 1299 2980 1362 3023; x_wconf 72' lang='lat' dir='ltr'><strong>iv*</strong></span> 
     </span>
    </p>
   </div>
  </div>
 </body>
</html>
