1998 3814
449 319 607 404 '340
764 291 1504 376 Ensrozanm}

445 436 705 481 tacerem
735 465 756 496 ,
816 439 913 482 aut
972 420 1034 478 in
1087 416 1233 478 Pom
1277 419 1375 478 eio
1428 413 1832 494 defendendo

448 508 478 574 (
518 521 652 560 nam
689 503 737 562 is
778 500 1116 581 carpebatur
1146 521 1181 558 a
1273 499 1431 558 ibulo
1455 541 1484 572 2
1515 495 1828 576 Curione,

444 577 711 642 Favonio
729 626 749 653 ‚
786 581 1034 642 Servilio
1061 579 1185 641 filio
1217 581 1244 660 )
1269 582 1498 639 animos
1523 579 1828 648 bonorum

443 665 701 722 virorum
714 659 1098 723 offenderem.
1121 659 1240 720 Res
1257 663 1316 719 in
1331 657 1625 740 posterum
1647 661 1831 721 dilata

444 739 544 803 est.
588 739 833 804 Clodius
866 745 925 802 in
964 741 1296 820 Quirinalia
1332 741 1611 820 produxit
1644 740 1830 802 diem.

444 823 527 884 A.
569 822 629 882 d.
671 841 768 892 m.
806 822 895 884 Id.
930 823 1107 884 Febr.
1145 821 1368 882 senatus
1403 821 1478 880 ad
1521 822 1822 902 Apollinis

444 901 553 963 fuit
596 948 616 978 ,
673 923 739 966 ut
782 903 1094 984 Pompeius
1133 899 1366 963 adeffet.
1413 899 1562 961 Acia
1605 923 1704 962 res
1749 900 1830 964 est

440 973 698 1124 ig'tgxirliter
753 1007 813 1125 1ak
848 985 1152 1126 Ρὲωῐὲεἱο.
1211 982 1318 1124 Eloi
1348 983 1468 1122 died
1487 982 1632 1121 ¹¹}ss
1672 1003 1828 1122 διεζ-

466 1084 749 1126 eme
946 1081 1186 1126 *.n.
1323 1085 1426 1122 .a
1587 1083 1824 1142 ponus

440 1143 991 1208 senatusconsultum
1044 1143 1257 1204 facium
1328 1141 1412 1202 est
1449 1187 1471 1216 ‚
1535 1145 1634 1204 Ea
1697 1163 1818 1222 quae

426 1223 591 1305 fhbla
631 1225 791 1304 efferet
830 1249 886 1286 aa
925 1229 981 1285 d.
1022 1244 1113 1285 IV.
1144 1225 1233 1284 Id.
1285 1243 1476 1283 contra
1519 1226 1828 1304 rempubli-

440 1327 565 1365 cam
598 1305 695 1384 effi
714 1305 893 1387 flabia.
935 1311 1024 1368 Eo
1057 1305 1156 1366 die
1191 1301 1344 1364 Cato
1378 1302 1460 1364 est
1495 1304 1827 1365 vehemen-

440 1400 533 1446 ter
574 1389 635 1448 in
674 1385 1026 1467 Pompeium
1064 1384 1319 1452 investus
1351 1427 1371 1458 ‚
1411 1385 1476 1444 ὅ(
1515 1405 1662 1446 eum
1701 1407 1830 1446 ora-

445 1467 609 1528 tione
660 1468 949 1549 perpetua
986 1484 1282 1548 tamquam
1319 1484 1485 1526 reum
1525 1465 1832 1528 accusavit.

348 1553 353 1561 '
444 1545 548 1608 De
598 1569 693 1609 me
752 1548 933 1608 multa
976 1592 997 1621 ‚
1049 1568 1144 1608 me
1197 1547 1384 1607 invito
1420 1591 1438 1619 ,
1497 1567 1642 1607 cum
1699 1567 1827 1607 mea

444 1627 669 1688 summa
722 1629 889 1690 laude
938 1627 1103 1689 dixit.
1165 1623 1374 1706 Quum
1419 1625 1575 1687 illius
1623 1631 1688 1686 in
1733 1647 1825 1688 me

440 1707 748 1789 perfidiam
794 1712 1120 1789 increparet
1149 1753 1168 1780 ,
1217 1707 1440 1768 auditus
1477 1707 1565 1768 est
1605 1727 1824 1790 magno

442 1788 675 1849 silentio
716 1790 1160 1850 malevolorum.
1195 1787 1322 1848 Res
1353 1787 1526 1847 ondit
1560 1792 1616 1848 ei
1646 1791 1819 1849 vehe-

441 1888 669 1931 menter
715 1869 1027 1951 Pompeius
1069 1914 1106 1944 .‚
1168 1867 1286 1931 Cra
1329 1889 1550 1951 umque
1605 1868 1826 1931 descri-

442 1954 599 2033 psit:
643 1953 899 2032 dixitque
936 1952 1134 2033 aperte
1168 1996 1188 2025 ,
1229 1950 1285 2011 se
1329 1952 1716 2012 munitiorem
1757 1948 1830 2011 ad

442 2029 877 2093 custodiendam
934 2035 1118 2093 vitam
1170 2031 1327 2092 suam
1392 2029 1525 2091 fore
1568 2076 1590 2105 ,
1660 2031 1830 2113 quam

444 2108 754 2173 Africanus
790 2109 981 2173 fuiss‘et
1003 2157 1023 2186 ,
1063 2132 1240 2193 quem
1287 2110 1361 2171 C.
1399 2108 1608 2173 Carbo
1656 2114 1830 2173 inter·

446 2192 685 2254 emisset.
730 2193 927 2273 Itaque
966 2214 1064 2253 ma
1103 2214 1190 2252 nae
1233 2193 1374 2251 mihi
1409 2212 1502 2252 res
1535 2190 1660 2272 jam
1693 2214 1822 2253 mo-

442 2276 569 2333 veri
616 2275 978 2335 videbantur.
1031 2214 1188 2333 &am
1223 2272 1540 2352 Pompeius
1579 2277 1704 2333 haec
1741 2273 1826 2333 in-

444 2353 653 2435 telligit
677 2399 697 2426 ‚
746 2353 1161 2435 nobiscumque
1199 2356 1600 2413 communicat
1626 2397 1647 2427 ‚
1684 2356 1829 2413 insi-

446 2433 568 2495 dias
600 2436 737 2493 vitae
770 2433 879 2495 suae
913 2432 1075 2493 fieri:
1111 2431 1186 2494 C.
1220 2431 1517 2495 Catonem
1553 2455 1592 2493 a
1627 2432 1824 2495 Ctass'o

446 2512 772 2577 sustentari:
820 2512 1040 2575 Clodio
1081 2517 1386 2594 pecuniam
1421 2514 1782 2595 suppeditari
1806 2532 1827 2573 ι

446 2612 751 2675 utrumque
795 2594 859 2653 δι
895 2595 969 2653 ab
1011 2614 1088 2655 eo
1119 2639 1139 2668 ,
1189 2594 1254 2653 δι’.
1293 2616 1344 2653 a·
1373 2591 1646 2656 Curione
1669 2641 1690 2667 ‚
1729 2592 1832 2655 Bi·-

446 2676 627 2748 bulo,
671 2672 983 2754 ceterisque
1020 2674 1128 2735 suis
1165 2672 1656 2735 obtrectatoribus
1691 2694 1834 2735 cou-

446 2754 707 2817 firmari:
754 2751 1296 2816 vehementer-esse
1343 2756 1824 2833 providendum,

446 2854 525 2902 ne
565 2838 923 2919 opprimatur
945 2880 967 2911 ,
1031 2838 1410 2899 concionatio
1449 2836 1560 2900 illo
1608 2835 1836 2920 populo
