1998 3814
452 351 611 450 396
760 352 1518 425 EPISTOLARUM

456 469 625 530 bonis
667 489 685 540 3
722 469 864 528 mihi
904 469 1081 530 etiam
1122 468 1306 548 magis
1327 513 1346 540 ‚
1389 487 1520 606 (ἔξω
1565 464 1834 548 loquuta-⁹

456 569 569 610 tur.
598 549 714 610 Sed
740 567 861 609 tota
892 570 983 609 res
1017 549 1080 608 ὃ(
1102 551 1338 608 timetur
1359 591 1388 621 ,.
1494 545 1831 630 refrigescit.

460 630 777 711 Pompeius
804 629 973 710 plane
996 629 1052 690 se
1075 647 1251 710 negat
1283 628 1438 690 velle
1463 648 1480 684 ε
1514 644 1690 688 antea
1708 628 1829 710 ipse

460 713 600 772 mihi
644 733 765 770 non
805 712 1073 792 negabat.
1110 711 1314 770 Hirrus
1337 707 1532 768 3υᾶοῐ
1567 709 1700 771 fore
1729 712 1828 770 vi-

461 793 643 854 detur.
682 787 743 850 O
778 791 893 865 dii,
928 791 1106 871 quam
1136 794 1364 870 ineptus
1386 791 1401 849 Ξ
1421 790 1596 869 quam
1623 790 1682 851 se
1705 789 1826 871 ipse

461 893 659 934 amans
679 873 802 932 sine
832 873 994 932 rivali
1020 873 1034 931 Ξ
1069 870 1329 947 Crassum
1348 869 1380 930 J
1385 873 1662 930 unianum
1683 917 1703 946 ,
1727 874 1829 932 ho-

462 958 683 1014 minem
717 953 857 1011 mihi
902 953 1200 1025 deditum,
1249 972 1356 1032 per
1395 972 1493 1012 me
1533 953 1826 1014 deterruit.

462 1033 669 1108 Velit,
712 1035 857 1093 nolit
874 1078 899 1107 ,.
926 1033 1067 1094 scire
1113 1031 1343 1092 difficile
1383 1031 1508 1092 est:
1541 1033 1720 1094 Hirro
1745 1054 1824 1095 ta·

464 1133 885 1198 men-agente,
916 1115 1076 1174 nolle
1101 1113 1156 1174 se
1193 1133 1314 1174 non
1342 1115 1634 1193 probabit.
1653 1115 1824 1176 Aliud

464 1197 581 1256 hoc
614 1214 881 1276 tempore
914 1196 987 1256 de
1019 1194 1311 1274 republica
1341 1194 1480 1253 nihil
1504 1196 1824 1276 loqueban-

462 1295 594 1338 tur:
707 1277 907 1336 ebatur
987 1277 1182 1336 uidem
1223 1277 1376 1335 certe
1409 1276 1574 1336 nihil.
1604 1277 1820 1337 Serrani

463 1355 665 1418 Dome
716 1359 787 1416 ici
819 1355 921 1416 filii
980 1377 1124 1418 nnus
1165 1355 1592 1436 peduRuosum
1633 1358 1743 1418 fuit
1769 1379 1818 1418 a.

462 1439 522 1500 d.
543 1457 694 1498 vm.
714 1437 847 1498 Kal.
863 1436 1155 1500 Decemb.
1171 1436 1422 1499 laudavit
1441 1456 1609 1518 pater
1623 1438 1818 1520 scripto

465 1541 623 1582 meo·
667 1518 841 1579 Nunc
878 1518 950 1580 de
994 1519 1244 1579 Milone.
1280 1517 1602 1600 Pompeius
1642 1526 1694 1581 ei
1731 1523 1816 1580 ni·-

464 1601 546 1664 hil
582 1600 817 1675 tribuit,
852 1600 914 1660 &
951 1604 1150 1660 omnia
1185 1597 1385 1660 Guttae
1421 1621 1439 1672 ;
1469 1601 1728 1683 dicitque
1766 1601 1816 1662 se

510 1681 851 1744 erfessurum
875 1725 897 1754 ,
926 1684 1088 1746 utin
1127 1680 1230 1742 illo
1279 1679 1470 1740 Caesar
1519 1684 1820 1742 incumbat.

528 1783 599 1822 oc
627 1763 825 1823 horret
864 1759 1016 1820 Milo
1048 1783 1068 1835 3
1107 1781 1218 1821 nec
1253 1759 1459 1838 injuria
1487 1783 1503 1820 :
1556 1765 1619 1822 ὅ(
1651 1768 1700 1824 si
1731 1764 1814 1822 ille

464 1842 709 1904 difflator
739 1841 919 1902 faflus
952 1845 1026 1902 sit
1052 1887 1068 1915 ‚
1095 1845 1248 1923 pene
1281 1841 1508 1902 diffidit.
1548 1843 1812 1905 Interces-

463 1924 653 1985 sotem
690 1923 977 1985 diaatnrae
1007 1927 1054 1984 si
1083 1922 1294 2003 juverit
1325 1946 1499 1985 manu
1535 1927 1603 1985 &
1629 1929 1812 2007 praesi-

464 2006 565 2067 dio
598 2006 734 2079 su0,
771 2004 1118 2085 Pompeium
1151 2008 1356 2065 metuit
1380 2008 1680 2067 inimicum
1715 2029 1732 2080 3
1769 2010 1812 2067 si

465 2108 586 2149 non
622 2085 875 2166 juverit,
900 2090 1066 2147 timet
1095 2106 1176 2146 ne·
1201 2107 1305 2164 per
1333 2089 1470 2148 vim.
1490 2089 1820 2167 perferatur..

464 2168 663 2229 Ludos
715 2183 957 2248 apparat
1001 2166 1598 2249 magnificentissimos
1636 2192 1655 2241 ;
1695 2173 1768 2230 sic
1790 2214 1807 2242 ,

460 2250 725 2330 inquam,
750 2266 814 2309 ut
834 2268 1011 2309 nemo
1037 2248 1508 2327 sumptuosiores.
1531 2250 1714 2319 Stulte
1731 2253 1812 2312 his

462 2345 665 2410 terque
689 2374 709 2401 ‚
746 2350 867 2389 non
900 2327 1210 2408 postulatus
1241 2348 1260 2400 3
1300 2330 1399 2389 vel
1439 2332 1576 2411 quia
1618 2352 1806 2393 munus

460 2409 831 2490 magnificum
884 2410 1161 2481 dederat,
1201 2411 1300 2468 vel
1345 2413 1479 2491 quia
1527 2410 1807 2473 facultates

461 2510 581 2553 non
600 2508 761 2551 erant
777 2536 796 2564 ‚
824 2492 922 2550 vel
949 2494 1084 2569 quia
1105 2488 1372 2570 magister
1389 2534 1407 2561 ,
1434 2492 1534 2553 vel
1557 2497 1688 2575 quia
1709 2514 1806 2573 po·

458 2588 647 2633 tuerat
678 2570 1005 2652 magistrum
1043 2571 1100 2633 se
1119 2617 1137 2646 ‚
1167 2591 1287 2629 non
1309 2572 1575 2647 aedilem‚
1602 2593 1807 2653 putare.

418 2655 423 2659 ’
465 2650 685 2716 Omnia
722 2652 844 2713 fere
894 2652 1110 2732 scripsi.
1161 2650 1372 2729 Cura,
1399 2656 1484 2715 mi
1534 2657 1808 2717 carissime.

460 2734 672 2811 ἔπειτα,
701 2751 768 2797 ut·
802 2734 1032 2799 valeas..
