1998 3814
329 358 585 450 AD'Q.
610 362 1008 429 FRATREM
1034 361 1206 433 Lm.
1233 362 1289 431 Ι.
1357 380 1508 457 309

114 470 369 535 fortuna
418 472 659 533 deduxit
696 518 717 547 ‚
774 489 843 535 ut
896 474 1274 557 sempiternus
1317 477 1508 539 sermo

110 554 444 617 hominum
490 553 565 613 de
601 555 774 614 nobis
826 554 1048 617 futurus
1109 560 1180 617 sit
1215 566 1235 630 ‘;
1289 578 1510 619 cavea-

114 654 255 695 mus
280 679 301 708 ‚
333 651 617 714 quantum
648 633 877 697 efficere
912 636 973 695 &
1009 637 1281 717 consequi
1315 636 1512 719 possu-

114 735 255 775 mus
293 759 314 788 ‚
355 731 423 774 ut
457 734 534 773 ne
565 717 725 795 quod
758 718 817 775 in
846 718 1018 778 nobis
1051 720 1274 800 insigne
1301 722 1509 783 vitium

115 794 295 857 fiiiffe
337 795 583 855 dicatur.
1010 863 1016 869 .

204 894 241 956 3
262 895 317 933 1.
366 873 578 955 Neque
620 896 735 957 ego
786 896 941 937 nnnc
987 876 1100 937 hoc
1146 876 1438 938 contendo
1480 920 1505 949 ,

114 956 301 1035 quod
338 953 573 1016 fortasse
606 976 783 1036 quum
818 959 879 1015 in
912 960 1074 1016 omni
1103 974 1302 1017 natura
1325 1000 1346 1031 ,
1377 974 1520 1035 tum·

116 1033 252 1115 jam
298 1037 363 1093 in
406 1032 598 1095 nostra
636 1054 801 1096 aetate
838 1034 1072 1097 difficile
1107 1034 1190 1097 est
1217 1082 1240 1111 ‚
1280 1053 1506 1099 mutare

118 1120 397 1175 animum
429 1158 449 1189 ‚
506 1116 571 1174 δι
619 1118 665 1174 si
706 1117 845 1197 quid
883 1114 965 1177 est
1009 1120 1236 1197 penitus
1273 1120 1506 1177 insitum

120 1195 403 1257 moribus
432 1241 452 1269 ‚
490 1196 553 1255 id
588 1195 771 1257 subito
808 1197 1106 1257 evellere:
1139 1198 1236 1259 sed
1277 1215 1332 1258 te
1363 1196 1506 1257 illud

120 1276 437 1337 admoneo
460 1320 483 1349 ‚
539 1293 603 1335 ut
634 1321 654 1349 ‚
702 1280 749 1336 si
786 1276 901 1337 hoc
940 1278 1126 1357 plene.
1165 1281 1342 1341 vitate
1383 1299 1505 1338 non

122 1374 303 1437 potes
342 1400 367 1430 ‚
428 1356 593 1436 quod
637 1358 767 1417 ante
814 1377 1128 1437 occupatur
1169 1363 1390 1419 animus
1431 1360 1506 1419 ab

124 1437 434 1499 iracundia
455 1479 477 1509 ,
514 1436 689 1517 quam
729 1438 1040 1519 providere
1083 1442 1228 1498 ratio
1277 1440 1508 1519 potuit,

118 1538 203 1580 ne
256 1535 654 1596 occuparetur
685 1536 705 1587 ;
760 1535 829 1577 ut
865 1538 923 1581 te
962 1521 1093 1579 ante
1149 1538 1452 1599 compares
1486 1562 1508 1591 ‚

124 1599 519 1679 quotidieque
579 1596 858 1659 meditere
902 1642 923 1671 ,
974 1596 1348 1659 resistendum
1389 1597 1503 1661 effe

124 1678 495 1749 iracundiae3
526 1676 819 1758 qnumque
852 1698 925 1739 ea
958 1680 1208 1738 maxime
1250 1682 1508 1739 animum

126 1776 421 1832 moveat,
460 1775 588 1818 tum
626 1758 735 1817 tibi
772 1756 884 1819 effe
920 1760 1351 1841 diligentissime
1391 1761 1510 1821 lin-

128 1861 309 1923 guam
364 1839 781 1899 continendam
826 1859 841 1898 ε
892 1858 1022 1920 quae
1075 1840 1307 1920 quidem
1366 1842 1506 1903 mihi

131 1925 317 1982 virtus
348 1941 477 1980 non
506 1920 793 1980 interdum
824 1923 1013 1980 minor
1034 1921 1294 1994 videtur,
1331 1922 1508 2002 quam

132 2005 387 2062 omnino
426 2019 548 2060 non
588 1999 767 2060 irasci.
794 1999 946 2060 Nam
979 2001 1120 2060 illud
1159 2023 1282 2061 non
1322 2001 1508 2062 solinu

132 2081 217 2144 est
270 2083 573 2165 gravitatis
607 2126 627 2154 ‚
683 2079 783 2140 sed
840 2101 1275 2160 nonnumquam
1329 2085 1508 2142 etiam

130 2161 536 2224 lentitudinis:
574 2159 865 2222 moderari
896 2163 1044 2221 verb
1081 2161 1146 2221 &
1181 2165 1376 2220 animo
1397 2205 1418 2234 ‚
1445 2161 1511 2222 ὅ(

136 2245 397 2304 orationi
440 2285 461 2314 ,
518 2261 695 2322 quum
751 2243 826 2300 sis
878 2244 1064 2302 iratus·
1088 2285 1108 2313 ,
1170 2257 1266 2301 aut
1325 2243 1503 2302 etiam

135 2342 333 2386 tacere
356 2366 379 2395 ,
418 2323 483 2381 &
518 2340 715 2382 tenere
748 2324 807 2380 in
843 2319 941 2380 sua
971 2318 1252 2401 potestate
1281 2341 1508 2384 motum

136 2407 315 2463 animi
360 2401 427 2461 ὅτ.
464 2400 735 2462 dolorem
759 2445 779 2473 ‚
814 2404 919 2461 etsi
963 2423 1082 2462 non
1123 2399 1206 2460 est
1241 2403 1510 2482 perfefiiae

137 2481 435 2564 sapientiae
460 2526 485 2554 ‚
520 2497 715 2542 tamen
759 2479 843 2542 est
890 2503 1010 2540 non
1057 2483 1362 2543 mediocris
1415 2487 1508 2542 in-

138 2568 317 2651 genii.
352 2562 555 2642 Atque
594 2565 652 2620 in
686 2562 801 2620 hoc
843 2581 1058 2642 genere
1089 2564 1277 2622 multo
1309 2581 1366 2624 te
1393 2563 1508 2624 effe

139 2665 256 2722 Jam
320 2642 792 2724 commodiorem
822 2684 843 2712 ,
892 2644 1296 2722 mitioremque
1351 2663 1512 2702 nun-

138 2727 305 2784 tiant.
376 2721 569 2782 Nullae
634 2739 747 2781 tuae
805 2721 1272 2781 vehementiores
1333 2723 1532 2782 animi=

138 2805 563 2864 concitationes
598 2843 619 2874 ‚
670 2801 829 2862 nulla
882 2798 1184 2860 malediEta
1231 2801 1306 2859 ad
1347 2821 1456 2860 nos
1489 2845 1510 2874 ,
1557 2812 1562 2817 '

138 2885 317 2946 nullae
354 2882 725 2945 contumeliae
756 2877 1152 2964 perferuntur:
1179 2899 1306 2962 quae
1335 2901 1512 2964 quum
