1998 3814
467 331 627 427 '384
764 323 1517 400 Eptsrozanmi

468 443 611 506 volo
636 487 655 520 ‚
691 443 831 504 nihil
866 442 987 504 fere
1023 463 1301 524 umquam
1341 465 1437 507 me
1476 448 1559 507 sic
1597 443 1828 524 exspeci

468 523 605 584 tasse
630 569 649 598 ,
694 541 759 584 ut
781 569 801 598 ,
842 545 1022 607 quum
1056 525 1182 584 haec
1214 523 1533 588 scribebam
1559 573 1580 601 ‚
1615 527 1832 586 litteras

468 623 613 666 tuas.
666 603 838 666 Nunc
890 603 1176 686 cognosce
1225 625 1300 665 ea
1337 651 1360 679 ‚
1415 629 1547 687 quae
1599 607 1732 667 sunt
1775 610 1831 664 in

402 715 407 722 ·
468 685 783 765 republica.
848 683 1239 748 Comitiomm
1293 687 1555 766 quotidie
1631 687 1834 768 singuli

472 765 592 826 dies
642 766 921 826 tolluntur
972 767 1504 829 obnuntiationibus
1543 811 1564 842 ,
1627 768 1837 850 magna

469 846 771 907 voluntate
820 847 1112 907 bonorum
1154 849 1448 908 omnium:
1497 849 1670 908 tanta
1699 851 1836 908 iuvi·-

471 925 567 985 dia
592 924 719 988 sunt
748 927 1006 988 consules
1029 946 1269 1008 propter
1292 927 1682 1009 suspicionem
1713 949 1834 1008 pac·

472 1021 667 1068 torum
715 1028 750 1065 a
790 1007 1106 1068 candidatis
1152 1011 1543 1088 praetniorum.
1603 1009 1832 1070 Candi-

366 1153 373 1159 ,
473 1087 591 1148 dati
624 1087 945 1150 consulares
971 1107 1253 1170 quatuor,
1281 1111 1487 1151 omnes
1517 1091 1631 1150 rei:
1661 1088 1830 1148 causae

472 1167 601 1228 sunt
644 1167 901 1230 difficiles
942 1190 959 1228 ι
1011 1155 1110 1229 s'ed
1148 1171 1434 1230 enitemur
1463 1187 1532 1230 ut
1572 1169 1831 1231 Mess'alla

471 1247 661 1308 noster
687 1248 872 1310 salvus
898 1251 997 1310 sita
1027 1250 1189 1331 quod
1214 1248 1298 1310 est
1325 1253 1500 1312 etiam
1536 1251 1832 1318 cumseli·

470 1347 718 1408 quorum
752 1328 929 1390 salute
960 1328 1350 1410 conjunclum.
1401 1329 1731 1391 Gabinium
1763 1331 1831 1390 de

471 1410 689 1470 ambitu
730 1430 895 1471 reum
932 1409 1071 1472 fecit
1105 1409 1169 1471 P.
1209 1410 1365 1472 Sulla
1391 1457 1412 1484 ‚
1446 1410 1832 1472 subscribente

472 1491 1072 1634 {filigb‘zfffimffssf't
1088 1490 1600 1634 ’ἒᾞὲἅῖξέἐο
1623 1492 1835 1633 ’Θίῗέῑὲ

473 1652 588 1711 bus
616 1673 688 1712 ue
733 1653 1040 1713 libentibus
1074 1673 1200 1713 >non
1245 1593 1513 1713 obtiimit.
1552 1618 1794 1734 ῥοαὶ-ῖς
1812 1699 1832 1727 ,

472 1736 571 1812 qui
656 1731 757 1792 fiat
798 1731 872 1794 de
917 1731 1176 1796 Gabinio
1209 1732 1233 1794 ἓ
1277 1732 1518 1795 sciemus
1569 1735 1646 1794 de
1703 1755 1838 1792 ma-

470 1809 669 1891 jestate
722 1814 913 1874 triduo
956 1836 971 1874 :
1034 1829 1154 1896 quo
1190 1814 1440 1895 -quidem
1495 1817 1559 1874 in
1615 1813 1834 1893 judicio

470 1893 613 1955 edio
652 1895 931 1975 premitur
966 1899 1230 1956 omnium
1261 1916 1542 1979 generum
1577 1915 1594 1956 ι
1641 1898 1836 1957 maxi-

469 1974 566 2035 me
610 1973 843 2037 testibus
890 1976 1170 2037 caeditut:
1215 1976 1635 2037 accusatoribus
1669 1977 1840 2059 ‘fligi-

470 2054 715 2115 dissimis
752 2059 967 2119 utitur:
1009 2057 1313 2121 consilium
1350 2060 1618 2119 varium:
1673 2078 1838 2139 quae-

473 2137 615 2197 sitor
662 2141 851 2220 gravis
896 2138 961 2197 &
998 2136 1196 2198 firmus
1239 2136 1424 2198 Alfius
1456 2158 1472 2197 z
1519 2137 1840 2219 Pompeius

470 2216 789 2279 vehemens
813 2221 872 2278 in
904 2215 1190 2297 judicibus
1225 2217 1512 2301 rogandis.
1547 2217 1722 2297 Quid
1747 2220 1844 2280 fu·
1877 2266 1885 2274 .

470 2314 661 2357 turum
700 2301 774 2359 sit
806 2344 825 2373 ,
867 2298 1062 2359 nescio
1093 2319 1108 2358 ε
1163 2299 1361 2359 locum
1402 2318 1598 2359 nmen
1645 2300 1729 2360 illi
1773 2303 1838 2359 in

468 2380 703 2439 civitate
742 2400 863 2439 non
900 2380 1080 2441 video
1111 2399 1128 2437 t
1175 2382 1430 2439 animum
1475 2378 1714 2459 praebeo
1755 2382 1840 2441 ad

467 2458 621 2519 illius
670 2461 987 2539 perniciem
1043 2458 1407 2521 moderatum
1447 2503 1468 2533 ,
1520 2459 1594 2519 ad
1641 2481 1846 2523 rerum

468 2557 746 2601 eventum
784 2541 1179 2607 lenissimum.-
1201 2540 1402 2601 Habes
1438 2538 1561 2600 fere
1595 2539 1672 2600 de
1708 2562 1848 2602 om-

468 2618 637 2682 nibus
676 2620 866 2683 rebus».
907 2621 1108 2681 Unum
1143 2621 1285 2681 illud
1317 2620 1528 2681 addam
1563 2641 1578 2680 ε
1615 2618 1846 2681 Cicero

469 2718 602 2763 tuus
644 2699 943 2784 nosterque
989 2700 1214 2761 summo
1231 2699 1448 2778 „fludio
1497 2699 1578 2761 est
1617 2699 1846 2763 Paeonii

472 2782 555 2843 sui
592 2782 837 2843 rhetoris
879 2807 906 2858 ‚'
958 2782 1224 2842 hominis·
1249 2826 1270 2855 ‚
1300 2783 1548 2869 aggiinot·
1581 2826 1601 2854 ‚
1657 2784 1844 2844 valde

470 2866 769 2931 exercitati
800 2864 869 2932 &
887 2864 1071 2930 boant
1100 2862 1200 2929 sed
1229 2874 1482 2931 nostrum
1507 2860 1854 2931 instituendi

1651 2964 1846 3033 genus

1975 2434 1978 2619 Q
