1998 3814
489 326 594 402 ’66
787 327 1545 396 'EPISTOLARUM

485 445 655 527 igitur
701 465 803 502 vos
837 442 966 502 bene
997 441 1219 520 sperare
1240 485 1260 514 ‚
1299 441 1353 499 6·
1389 441 1777 524 rempublicam
1810 459 1913 503 11*ae

486 549 590 587 vos
639 524 751 605 istic
805 523 1113 604 expediistis
1148 565 1167 591 ,
1214 523 1297 581 ita
1380 544 1439 582 ro
1486 525 1659 603 nostra
1705 541 1897 603 parte

491 607 733 666 celeriter
755 605 914 664 nobis
941 603 1189 681 expediri
1216 542 1378 682 posti³
1390 606 1671 682 confidere.
1702 605 1895 666 Vale-

491 690 658 748 Data
687 685 882 744 Idibus
915 687 1049 748 Jun.
1089 687 1267 764 Cypro
1292 727 1315 754 ,
1348 705 1387 740 a
1412 685 1895 764 Crommyacride.

521 829 871 891 LENTULus
927 827 1273 890 Clcssaom
1332 847 1460 890 suo
1518 811 1580 890 δ’.
1629 827 1694 890 Ρ.
1752 825 1855 890 D.

496 978 777 1030 Expomr
834 995 906 1028 res
956 995 986 1025 a
1027 973 1081 1042 fe
1125 995 1179 1045 ge
1223 993 1313 1026 as:
1368 977 1579 1028 Rhodios
1614 974 1810 1043 accusat
1855 994 1883 1028 .·

561 1051 942 1122 procurationem
975 1049 1103 1099 Asiae
1132 1051 1256 1117 petit
1277 1066 1293 1098 .·
1325 1052 1491 1100 merita
1514 1049 1605 1118 sua
1634 1051 1685 1101 in
1715 1069 1880 1119 remp·
1967 1071 1968 1074 ¹

568 1140 911 1176 commemorat.
947 1123 1095 1173 Anno
1132 1123 1197 1174 U.
1242 1126 1297 1174 C.
1340 1141 1449 1189 710.

504 1341 599 1398 14.
629 1253 954 1410 QUUM
1008 1325 1243 1384 Brutum
1296 1325 1523 1404 nostrum
1572 1321 1879 1401 convenis-'-

482 1403 600 1485 [ἐπι
631 1447 652 1477 ,
695 1426 913 1484 eumque
951 1405 1168 1466 tardiics
1210 1405 1268 1463 in
1324 1405 1530 1464 Asiam
1578 1421 1879 1464 venturum

497 1487 975 1546 animadverterem
1002 1530 1020 1556 ,
1066 1489 1126 1545 in
1170 1487 1374 1545 Asiam
1416 1486 1602 1558 redii,
1643 1503 1705 1542 ut
1740 1487 1882 1544 reli-

497 1569 660 1646 quias
707 1570 808 1626 mei
848 1567 1057 1626 laboris
1094 1568 1391 1646 colligerem
1418 1610 1437 1639 ,
1486 1567 1540 1626 6³
1574 1567 1877 1646 pecuniam

495 1649 656 1726 quam
722 1646 954 1726 primicm
1014 1650 1247 1706 Romam
1306 1649 1581 1706 mitterem.
1640 1648 1875 1704 Interim

495 1732 726 1808 cognovi
769 1731 830 1788 in
871 1729 1052 1806 Lycia
1090 1725 1188 1805 effe
1232 1726 1445 1804 claffem
1492 1726 1813 1788 Dolabella
1848 1771 1877 1798 ,

497 1808 833 1887 amplizifilue
864 1827 1074 1866 centum
1097 1831 1268 1868 naves
1296 1810 1575 1868 onerarias
1592 1851 1613 1879 ‚
1636 1809 1697 1866 in
1726 1829 1879 1885 quas

498 1891 769 1953 exercitus
813 1884 930 1969 ejas
969 1890 1175 1970 imponi
1217 1886 1387 1970 poffit
1406 1912 1433 1963 ,·
1471 1891 1631 1969 idque
1666 1890 1882 1950 Dola*

497 1970 698 2033 bellam
740 1970 808 2027 eci
843 1988 1013 2029 mente
1052 1968 1377 2051 comparaffi
1398 2015 1418 2043 ,
1460 1990 1521 2029 ut
1540 2016 1563 2043 ,
1604 1973 1655 2028 si
1684 1972 1881 2047 Syriae

486 2050 622 2131 spes
681 2072 801 2111 eum
846 2048 1111 2131 frustrata
1170 2048 1289 2134 (ᾖξε
1308 2094 1333 2121 ,
1390 2052 1760 2131 conscenderet
1808 2054 1879 2111 iu

495 2150 708 2205 naves,
753 2133 808 2191 6³
837 2134 1063 2191 ltaliam
1092 2149 1294 2212 peteret
1322 2174 1341 2203 ,
1375 2132 1538 2211 fique
1574 2153 1693 2191 cum
1741 2141 1880 2193 Are·

496 2215 666 2272 toniis
693 2256 714 2285 ,
771 2213 826 2271 6·
876 2215 1103 2291 reliquis
1152 2214 1459 2275 latronibus
1502 2210 1879 2294 conjungeret.

502 2291 677 2370 Cujus
708 2294 786 2354 rei
819 2310 972 2353 tanto
1006 2296 1067 2353 in
1101 2294 1287 2354 timore
1308 2292 1404 2371 fui
1428 2338 1447 2365 ,
1483 2313 1541 2353 ut
1560 2338 1580 2367 ,
1616 2295 1877 2355 omnibus

499 2374 660 2435 rebus
701 2374 898 2433 reliffis
939 2418 959 2446 ‚
1008 2392 1125 2433 cum
1157 2374 1510 2454 paucioribus
1548 2376 1602 2435 δ’
1638 2375 1876 2435 minori-

491 2452 598 2513 bus
635 2454 873 2513 navibus
909 2456 988 2513 ad
1025 2456 1160 2513 illas
1189 2458 1266 2513 ire
1296 2474 1525 2517 conatus
1552 2457 1679 2513 sim.
1726 2461 1874 2537 Quae

494 2554 582 2593 res
601 2576 620 2605 ,
656 2536 709 2593 si
748 2556 784 2591 a
821 2536 1060 2597 Rhodiis
1100 2557 1207 2595 non
1250 2534 1397 2613 ffm
1443 2537 1830 2616 interpellatus·
1850 2583 1873 2611 ,

479 2610 709 2694 fhrtaffe
747 2633 862 2675 tota
888 2615 1114 2692 ficblata
1149 2613 1270 2693 effit
1292 2660 1311 2688 ‚
1348 2633 1528 2675 tamen
1566 2638 1763 2699 magna
1792 2640 1874 2678 ex

485 2716 648 2776 parte
679 2698 976 2776 profligata
1009 2696 1115 2775 est3
1160 2700 1379 2773 quando
1419 2699 1631 2775 quidem
1665 2700 1873 2759 classis

493 2778 771 2856 dissipata
815 2779 882 2857 esi
904 2798 931 2848 ‚·
972 2778 1242 2837 adventas
1284 2778 1445 2857 nostri
1485 2780 1670 2841 timore
1711 2781 1871 2839 rnili-

495 2873 576 2921 κε
613 2856 871 2939 ducesque
904 2854 1199 2945 effitgerunt
1219 2878 1246 2933 ,·
1280 2860 1538 2923 oneraria
1575 2881 1757 2923 omnes
1784 2863 1871 2921 ad
