1998 3814
434 357 593 440 '320
676 359 687 366 ’
739 341 987 410 ΕΡίε
1009 353 1500 408 ToLARtJM

436 459 531 520 cui
559 455 627 516 L.
637 455 869 516 Flavius
901 455 1070 514 hetes
1093 451 1208 527 est,
1227 454 1634 514 diminuerent
1667 447 1848 524 autb}

329 599 345 603 ,
436 537 615 618 quam
659 534 738 598 C.
762 535 1064 598 Fundanio
1113 537 1422 614 pecuniam
1471 529 1796 594 solvissent
1817 550 1836 588 ε

436 617 701 699 itemque
735 615 942 676 misisse
974 615 1050 674 ad
1073 613 1132 674 A
1215 613 1565 676 llonidenses
1589 657 1614 686 ,
1643 631 1728 671 ne
1763 611 1844 670 de

396 745 411 760 .
438 697 615 758 honis
634 742 654 769 ‚
682 718 811 778 quae
848 694 1086 757 Oaavii
1185 693 1388 767 iss‘ent,
1417 694 1682 754 diminui
1717 712 1844 772 pa-

440 794 701 852 terentur
729 822 749 851 ‚
846 775 1130 856 riusquam
1187 775 1486 836 Fundanio
1551 773 1844 833 debitum

441 855 695 921 solutum
734 878 769 918 e
814 875 895 917 et.
940 857 1088 916 Haec
1121 857 1270 915 mihi
1315 854 1668 917 verisimilia
1717 870 1845 911 non

440 937 715 1006 videntur
734 958 763 1004 ,t
798 936 925 996 sunt
965 937 1125 997 enim
1161 956 1196 992 a
1229 936 1540 1016 prudentia
1581 953 1702 994 tua
1747 951 1844 994 re-

442 1020 785 1086 motissima.
824 1015 917 1077 Ne
956 1017 1237 1076 diminuat
1269 1017 1434 1076 heres
1471 1015 1494 1074 ἓ
1529 1012 1726 1092 Quid
1745 1059 1766 1084 ,
1795 1015 1846 1071 si

446 1097 721 1159 infitiatur
742 1098 764 1156 ?
789 1095 999 1175 Quid,
1021 1098 1068 1154 si
1096 1098 1338 1156 omnino
1371 1109 1492 1156 non
1523 1091 1841 1155 debetur?

446 1176 625 1256 Quid
680 1179 701 1238 ἓ
762 1194 973 1258 praetor
1035 1175 1180 1236 solet
1239 1174 1493 1255 judicare
1553 1174 1778 1235 deberi
1816 1171 1842 1232 ἓ

446 1257 623 1336 Quid
660 1259 685 1318 ἓ
737 1277 851 1340 ego
902 1256 1204 1318 Fundanio
1251 1278 1371 1316 non
1421 1255 1658 1336 cupio?
1719 1274 1846 1313 non

446 1341 665 1398 amicus
710 1337 831 1398 sum
869 1337 891 1398 ἓ
935 1359 1058 1398 non
1095 1335 1488 1397 misericordia
1525 1333 1841 1398 moveor?

445 1411 629 1478 hemo
675 1421 857 1500 magis
900 1439 915 1477 ι
959 1417 1062 1478 sed
1098 1420 1198 1480 via
1236 1416 1373 1498 juris
1415 1412 1842 1497 ejusmodi.est

449 1499 785 1580 quibusdam
820 1502 877 1558 in
894 1501 1077 1564 ,rebus
1099 1544 1119 1572 ‚
1158 1518 1220 1560 ut
1257 1499 1396 1558 nihil
1436 1503 1509 1560 sit
1545 1499 1673 1560 loci
1709 1517 1844 1578 gra·

448 1584 567 1640 tiae.
632 1579 829 1660 Atque
884 1581 963 1640 ita
1031 1579 1200 1638 mihi·
1244 1579 1475 1640 dicebat
1527 1577 1774 1640 Flavius
1815 1621 1842 1649 ,

448 1659 727 1740 scriptum
768 1662 827 1719 in
859 1678 932 1719 ea
970 1657 1209 1738 epistola
1234 1703 1253 1734 ,
1295 1681 1472 1739 quam
1514 1677 1686 1722 tuam
1719 1655 1844 1718 effe

451 1739 687 1806 dicebat
724 1784 745 1814 ‚
787 1758 845 1801 te
890 1756 988 1800 aut
1032 1742 1194 1818 quasi
1231 1743 1428 1803 amicis
1465 1743 1580 1802 tuis
1623 1740 1837 1822 gratias

456 1818 712 1882 aesturum
742 1863 764 1894 ,
802 1837 899 1882 aut
930 1821 1094 1899 qui
1135 1823 1380 1880 inimicis
1418 1819 1840 1880 incommoda-

454 1895 667 1963 iurum.
721 1899 889 1980 Quid
943 1900 1125 1961 multa
1151 1900 1190 1972 ,ἓ
1250 1898 1476 1963 ferebat
1529 1903 1788 1985 graviter
1809 1944 1834 1975 ‚

452 1980 517 2043 id
558 1982 941 2043 vehementer
962 2000 1211 2051 ‚mecum
1247 1982 1593 2063 querebatur
1625 2026 1650 2056 ,
1703 2002 1838 2046 ota-

454 2056 673 2142 batque
716 2080 778 2122 ut
815 2062 889 2123 ad
923 2077 981 2120 te
1020 2062 1196 2142 quam
1236 2063 1675 2146 diligentissimo
1709 2062 1838 2125 scri-

454 2142 659 2209 berem
688 2165 704 2203 :
744 2143 903 2222 quod
940 2140 1096 2205 facio
1123 2188 1143 2219 ,
1187 2144 1252 2201 &
1286 2161 1348 2204 te
1388 2143 1618 2223 prorsus
1657 2144 1836 2205 vehe-

457 2240 687 2285 menter
741 2225 915 2285 etiam
954 2237 1128 2301 atque
1170 2226 1344 2284 etiam
1388 2244 1537 2306 rogo
1581 2269 1603 2297 ‚
1665 2242 1732 2285 ut
1775 2222 1836 2297 Gt

459 2304 925 2383 procuratoribus
973 2301 1158 2362 Flavii
1207 2306 1462 2365 remittas
1521 2304 1600 2367 de
1657 2304 1834 2367 dimi-

462 2384 700 2445 nuendo
742 2427 762 2458 ,
826 2384 891 2445 &
931 2382 1510 2462 ,Apollonidensibus
1566 2404 1643 2448 ne
1703 2382 1834 2466 quid

459 2462 787 2541 praescribas
808 2506 827 2535 ,
858 2463 1021 2543 quod
1052 2478 1254 2525 contra
1279 2464 1544 2525 Flavium
1575 2467 1688 2535 εἰς
1721 2484 1836 2527 am·

461 2542 613 2627 plius
638 2588 659 2618 ‚
711 2544 774 2603 &
816 2541 1002 2603 Flavii
1045 2545 1260 2617 causa,
1297 2544 1362 2603 &
1399 2543 1618 2606 scilicet
1659 2543 1832 2605 Pom·

464 2627 584 2709 peii
618 2668 639 2698 ‚
692 2622 865 2683 facias
910 2626 1126 2684 omnia.
1184 2622 1343 2684 Nolo
1395 2625 1626 2685 medius
1669 2624 1832 2685 fidius

466 2724 543 2764 ex
578 2722 677 2765 tua
712 2701 913 2781 injuria
962 2705 1024 2761 in
1073 2704 1234 2764 illum
1265 2704 1368 2764 tibi
1406 2705 1712 2766 liberalem
1747 2724 1832 2765 me

463 2784 708 2851 videri,:
751 2782 849 2845 sed
904 2799 964 2842 te
1015 2805 1124 2844 oro
1159 2828 1179 2858 ‚
1231 2803 1294 2845 ut
1344 2803 1408 2844 tu
1461 2784 1582 2864 ipse
1633 2786 1836 2847 anaor·

466 2860 695 2947 &itatem
730 2864 795 2929 ὃ(
825 2882 1272 2939 monumentum
1304 2865 1543 2949 aliquod
1571 2866 1836 2955 decreti„
