1998 3814
336 297 461 360 'AD
500 291 593 384 Q.
620 289 1024 360 FRATREM
1061 295 1242 362 Lm.
1271 293 1366 365 ΙΙ.
1419 311 1570 396 343

334 434 703 498 M-Ancus
786 431 877 516 Q.
961 435 1286 500 anrnr
1369 436 1434 501 S.

69 563 83 650 'j
178 575 283 629 οε
322 577 503 630 semro
537 574 759 644 aasozm
783 611 799 634 ,
842 576 889 627 s
921 575 1123 630 Vannio
1163 578 1422 644 injudicio
1451 578 1576 632 Sa-

252 651 399 702 εἱαηο
440 667 620 702 vexato
643 685 662 707 ,
698 646 897 718 aliisque
934 652 1194 714 domesticis
1231 651 1368 705 rebus
1401 653 1575 714 cenic-

254 741 360 775 tem
390 723 545 790 fiunt.
587 726 735 775 Anno
769 723 836 774 U.
870 727 925 775 C.
964 733 1084 790 697.

207 879 276 958 4ss
314 815 397 941 S
422 899 721 962 varlus
756 879 947 961 nester
981 880 1274 944 absolutus
1304 881 1388 944 est
1421 905 1474 944 a.
1509 881 1581 948 d.

181 981 258 1023 11.
290 961 387 1024 Id.
422 963 605 1024 Mart.
646 963 710 1023 &
732 1007 752 1037 ‚
788 963 949 1043 quod
980 965 1362 1026 vehementer
1400 967 1573 1026 inter·

176 1041 290 1104 fuit
334 1043 669 1124 reipublicae
704 1045 922 1104 nullam
961 1045 1155 1106 videri
1190 1047 1248 1104 in
1285 1043 1572 1124 ejusmodi

178 1123 355 1184 causa
394 1123 803 1186 dissensionem
846 1123 959 1185 effe
982 1169 1004 1200 ,
1038 1126 1307 1188 omnibus
1345 1127 1573 1196 senten·

177 1207 273 1266 tiis
326 1203 627 1266 absolutus
682 1203 783 1266 est.
849 1203 997 1265 Illud
1057 1207 1217 1288 quod
1266 1206 1372 1267 tibi
1417 1205 1568 1288 saepe

177 1307 339 1346 curae
406 1285 524 1348 esse
582 1287 981 1348 intellexeram
1008 1319 1041 1360 ·,
1089 1307 1164 1348 ne
1225 1289 1314 1347 cui
1365 1290 1570 1370 iniquo

178 1367 651 1449 relinqueremus
712 1360 1082 1448 vituperandi
1150 1369 1347 1430 locum
1389 1415 1411 1446 ,
1468 1371 1572 1450 qui

178 1468 294 1509 nos
347 1453 610 1532 ingratos
653 1445 765 1510 effe
806 1450 1027 1510 diceret
1053 1495 1073 1523 ,
1113 1453 1221 1509 nisi
1253 1450 1404 1511 illius
1437 1470 1576 1529 per·

178 1531 530 1591 versitatem
568 1529 907 1611 quibusdam
943 1533 1004 1590 in
1034 1530 1204 1591 rebus
1249 1529 1424 1610 quim
1459 1529 1572 1592 hu·

177 1612 339 1670 mani
372 1612 524 1671 sime
556 1609 836 1672 ferremus
858 1656 879 1685 ,
916 1609 1068 1678 scitu,
1103 1611 1218 1672 hoc
1248 1633 1358 1670 nos
1388 1612 1448 1670 in
1487 1631 1568 1674 eo

178 1688 339 1770 judic
452 1690 794 1752 consecutos
835 1689 949 1753 effe
973 1735 995 1764 ‚
1031 1709 1097 1752 ut
1131 1694 1394 1754 omnium
1430 1711 1566 1774 gra-

178 1773 393 1832 tissimi
438 1771 865 1851 judicaremur:
917 1793 1052 1832 nam
1092 1773 1154 1831 in
1191 1771 1568 1834 defendendo

176 1851 427 1915 moroso
487 1853 726 1915 homine
782 1852 1236 1915 cumulatissime
1280 1851 1567 1914 satisfeci-

178 1954 309 1995 mus
332 1979 355 2009 ,
410 1933 476 1993 &
533 1941 559 2011 (
598 1934 661 1993 id
700 1934 861 2015 quod
912 1934 1011 1995 ille
1058 1935 1308 1993 maxime
1353 1937 1566 2014 cupie-

177 2014 283 2075 bat
320 2012 353 2097 )
395 2012 748 2088 Vatinium,
786 2036 821 2073 a
864 2034 983 2095 quo
1024 2015 1216 2096 palam
1257 2034 1570 2096 oppugna-

174 2094 349 2156 batur
377 2138 401 2166 ,
434 2094 707 2155 arbitratu
751 2092 943 2155 nostro
992 2093 1352 2155 concidimus
1380 2139 1400 2167 ‚
1453 2096 1563 2163 diis

178 2174 531 2237 hominibus
560 2197 635 2237 ue
684 2176 1112 2257 plaudentibus.
1135 2210 1146 2221 ·
1167 2174 1338 2253 Quin
1387 2177 1566 2237 etiam

174 2256 394 2319 Paulus
436 2276 515 2316 no
566 2276 629 2317 er
665 2276 845 2337 quum
885 2253 1040 2318 testis
1123 2254 1390 2317 reductus
1421 2254 1563 2319 esset

174 2340 235 2399 in
278 2337 549 2400 Sextium
579 2382 601 2411 ,
646 2335 1018 2397 confirmavit
1060 2278 1118 2397 lie>
1163 2357 1383 2399 nomen
1424 2336 1562 2399 Va·-

174 2422 304 2480 tinii
348 2418 673 2479 delaturum
695 2463 715 2491 ,
750 2420 798 2477 si
836 2418 1042 2477 Macer
1083 2416 1333 2479 Licinius
1373 2440 1562 2479 cunc-

174 2516 445 2572 taretur-3
482 2498 544 2560 &
584 2498 788 2559 Macer
824 2520 861 2558 a
898 2498 1082 2569 Sextii
1127 2497 1395 2561 subselliis
1431 2498 1560 2559 sur-

177 2582 330 2641 rexit
350 2626 371 2653 ,
414 2600 481 2638 ac
531 2577 587 2641 se
627 2580 711 2642 illi
752 2600 873 2655 non
926 2578 1259 2642 defuturum
1300 2578 1559 2640 affirma·-

116 2688 125 2693 ·
156 2664 283 2741 'vin
324 2659 501 2739 Quid
532 2660 785 2741 quaeris?
816 2660 997 2722 homo
1042 2660 1306 2742 petulans
1343 2660 1406 2721 &
1447 2680 1554 2720 au-

178 2742 295 2803 dax
334 2741 607 2801 Vatinius
630 2786 651 2814 ‚
685 2741 859 2803 valde
894 2742 1258 2822 perturbatus
1295 2740 1558 2803 debilita-

180 2822 383 2909 tusque
428 2820 700 2888 discessit.
736 2823 993 2907 Quintus
1027 2841 1210 2965 tuusf>
1237 2841 1381 2916 puer
1407 2822 1564 2907 opti-g

1250 2924 1312 2966 xv
