1998 3814
341 313 470 384 ‘An
507 313 595 406 Q.
620 315 1020 386 FRATREM
1051 314 1228 386 Lm,
1257 317 1354 390 II.
1415 335 1568 418 349
1648 418 1654 424 ·

346 455 707 521 Murcus
793 458 883 540 Q.
966 459 1294 524 Fan-111
1375 463 1436 528 S.

212 589 313 642 DS
340 591 521 643 itinere
543 589 633 659 fico
652 627 673 650 ‚
718 591 1138 718 δὸαέῇεᾶαεὶοηε
1172 597 1364 668 Quinti.
1399 597 1554 652 Anno

778 699 796 718 0
874 703 891 719 .
930 676 1054 735 697·

190 811 586 894 7..i’1n·r13
651 816 809 894 diem
870 836 994 892 tu.
1051 817 1149 880 Id.
1192 819 1383 902 April.
1433 840 1574 888 ante

115 933 138 948 .
194 897 395 958 lucem
439 897 589 958 hanc
632 897 935 978 epistolam
970 901 1320 962 diffitaverarn
1359 947 1379 977 ,
1434 903 1572 966 scri·-

237 977 544 1059 seramque
578 979 638 1038 in
678 981 881 1045 itinere
902 1023 924 1055 ‚
964 999 1026 1042 ut
1063 1002 1139 1042 eo
1179 981 1272 1044 die
1307 985 1458 1063 apud
1491 985 1574 1050 T.

193 999 427 1119 {itiam
466 1062 524 1118 in
560 1058 874 1142 Anagnino
916 1081 1238 1124 manerem.
1292 1061 1575 1128 Postridie

193 1157 393 1200 autem
432 1141 491 1198 in
526 1137 757 1204 Laterio
793 1144 1152 1224 cogitabam-2
1183 1143 1319 1205 inde
1337 1187 1362 1218 ,
1390 1165 1572 1226 quum

191 1221 253 1280 in
289 1219 567 1302 Arpinati
606 1223 861 1303 quinque
900 1223 1024 1284 dies
1059 1221 1284 1284 fuissem
1308 1270 1329 1301 ,
1385 1227 1468 1287 ire
1507 1228 1605 1288 in·

190 1299 623 1383 Pompeianum
660 1323 679 1362 ι
734 1304 962 1364 rediens
1015 1303 1305 1384 adspicere
1350 1304 1574 1368 Cuma-

190 1403 335 1444 num
375 1427 399 1458 ‚
439 1400 505 1442 ut
536 1427 558 1456 ‚
603 1385 875 1464 quoniam
913 1387 974 1444 in
1012 1383 1172 1446 Non.
1208 1385 1394 1447 Maias
1438 1387 1572 1454 Mil-

190 1463 319 1523 loni
370 1464 499 1524 dies
540 1464 769 1543 prodita
804 1463 887 1525 est
910 1510 931 1540 ‚
983 1466 1134 1545 prid.
1175 1465 1334 1528 Non.
1365 1465 1574 1530 Romae

191 1543 372 1604 essem
392 1587 412 1618 ‚
447 1561 620 1625 teque
640 1587 661 1620 ,
704 1547 785 1605 mi
816 1549 1106 1607 carissime
1141 1546 1208 1606 &
1239 1546 1574 1611 suavissime

188 1624 370 1687 frater
394 1670 415 1699 ,
452 1624 527 1686 ad
574 1643 705 1684 eam
744 1625 899 1686 diem
938 1625 967 1706 (
996 1643 1062 1686 ut
1089 1626 1388 1707 sperabam
1415 1627 1445 1712 )
1478 1631 1580 1690 vi-

194 1707 423 1767 derem.
484 1704 951 1768 AEdifimtionem
1016 1708 1236 1768 Arcani
1285 1708 1357 1768 ad
1407 1726 1572 1772 tuum

194 1788 518 1848 adventum
568 1783 885 1846 sustentari·
918 1787 1202 1868 placebat.
1269 1788 1384 1852 Fac
1417 1831 1442 1865 ‚
1490 1793 1573 1852 mi

192 1867 412 1943 stater,
437 1881 505 1929 ut
527 1866 721 1929 valeas
736 1914 757 1945 ‚
785 1870 1335 1952 quamprimumque
1351 1873 1576 1943 venias·
1659 1940 1662 1945 ,

338 1996 698 2059 MARcus
780 1994 872 2077 Q.
951 1996 1266 2060 Flu-rut
1351 1998 1412 2063 S.

191 2133 289 2184 DE
320 2128 681 2201 supplicatione
736 2128 947 2183 Gabinio
986 2148 1159 2201 negata
1192 2166 1208 2189 ,
1254 2134 1300 2183 6·
1341 2134 1578 2187 Auianio

233 2271 242 2277 .
340 2202 433 2280 [uo
458 2202 637 2271 simis
667 2203 878 2271 ridendi.
917 2205 1066 2255 Anno
1107 2205 1175 2256 U.
1217 2207 1273 2255 C.
1308 2211 1428 2272 697.

194 2375 258 2438 8.
288 2304 430 2435 O
467 2372 881 2434 errans
922 2374 1066 2435 mihi
1107 2390 1230 2435 ruas
1272 2374 1580 2455 jucundtsa

194 2459 375 2516 simas
418 2499 441 2529 ,
498 2452 845 2535 exspeflcatas
891 2500 912 2529 ‚
978 2476 1046 2514 ac
1095 2458 1286 2536 primb
1333 2458 1576 2536 quidem

194 2558 336 2597 eum
394 2534 689 2596 desiderio
729 2580 749 2609 ,
802 2556 961 2595 nunc
1012 2537 1160 2597 verb
1208 2539 1384 2598 etiam
1437 2557 1580 2597 cum·

193 2616 453 2679 timore!
488 2614 685 2697 Atque
714 2616 817 2677 has
855 2614 996 2677 scito
1037 2616 1252 2678 litteras
1295 2636 1389 2677 me
1423 2614 1578 2677 solas

196 2694 481 2778 accepisse
558 2693 645 2757 ost
673 2695 795 2757 illas
818 2741 837 2770 ‚
918 2716 1018 2756 uas
1053 2714 1182 2758 tuus
1221 2714 1396 2758 nauta
1423 2688 1580 2756 attu-

198 2779 269 2839 lit
297 2824 319 2853 ‚
358 2776 507 2838 Olbi
584 2776 765 2838 datas.
797 2776 873 2837 Se
954 2794 1146 2838 cetera
1183 2776 1297 2859 (ut
1329 2775 1522 2837 scribis
1542 2774 1584 2860 )

200 2857 475 2939 p‘raesenti
510 2856 761 2920 sermoni
796 2856 1193 2923 reserventur:
1229 2858 1344 2921 hoc
1377 2873 1580 2923 tamen
