1998 3814
356 392 479 444 AD
517 375 609 467 Q.
634 376 1033 443 FRATREM
1071 374 1244 445 Lm.
1267 374 1326 443 I.
1387 390 1540 473 317

166 490 381 551 elicere
422 491 587 551 omni
628 488 854 549 ratione
889 484 1130 549 voluiffe
1160 510 1176 548 ε
1214 508 1390 573 quem
1429 491 1545 551 ad·-

163 570 403 631 dutstum
444 574 508 630 in
556 568 835 649 judicium
883 568 1114 631 fortass'e
1161 570 1369 633 dimitti
1418 594 1542 635 non

164 654 545 733 oportuerit3
579 650 846 731 conquiri
884 652 1068 724 verb,
1099 651 1161 711 &
1193 654 1324 712 elici
1364 652 1542 713 blan-

166 733 317 792 ditiis
349 732 459 814 (ut
490 749 554 791 tu
590 729 823 871 scribis?
860 730 932 790 ad
968 729 1280 809 judicium,
1313 732 1543 795 necesse

150 824 283 873 'non
314 814 471 885 fuit3
500 832 636 873 eum
668 832 785 892 prae
810 814 977 871 ertim
1007 813 1339 891 hominem,
1362 820 1543 896 quen'l

158 914 275 976 ego
314 895 388 955 ὅτ.
418 914 494 955 ex
532 892 643 951 suis
681 892 940 964 civibus,
978 894 1043 953 δι
1075 912 1149 954 ex
1184 894 1378 955 multis
1417 896 1544 956 aliis

159 976 433 1057 quotidie
481 976 659 1055 magis
702 971 991 1055 cognosco
1033 974 1381 1035 nobiliorem
1419 974 1539 1037 effe

159 1058 357 1136 prope
378 1100 398 1125 ‚
478 1054 612 1114 uum
668 1056 963 1114 civitatem
1015 1052 1191 1115 suam.
1250 1056 1336 1117 At
1381 1060 1541 1115 enim

161 1134 401 1216 Graegis
474 1135 581 1194 olis
626 1134 924 1215 indulgeo.
975 1133 1148 1213 Quid
1183 1135 1206 1195 ἓ
1247 1136 1314 1196 Ι...
1339 1134 1544 1196 Caeci‘-

158 1216 304 1275 lium
351 1206 557 1275 nonne
594 1218 765 1273 omni·
790 1218 1014 1276 ratione
1053 1217 1280 1297 placavi
1311 1216 1333 1276 ἓ
1365 1238 1543 1298 quem

160 1298 475 1357 hominem
510 1296 533 1356 ἓ
575 1296 689 1377 qua
734 1296 819 1354 ira
853 1295 875 1356 ἓ
912 1317 1032 1377 quo
1078 1295 1270 1378 spiritu
1301 1298 1325 1358 ἓ
1359 1318 1539 1379 quem

163 1378 431 1459 denique
485 1378 695 1457 praeter
735 1374 1123 1451 Tuscenium,
1161 1376 1320 1455 cujus
1376 1378 1544 1441 causa

161 1459 353 1519 sanari
411 1479 533 1517 non
630 1454 809 1531 otest,
846 1477 969 1516 non
1020 1460 1282 1540 mitigavi
1322 1458 1344 1518 ἓ
1389 1458 1546 1521 Ecce

161 1539 338 1622 supra-
382 1556 555 1619 caput
636 1558 778 1597 omo
810 1537 963 1597 ‘levis
1005 1560 1070 1597 ac
1111 1538 1409 1615 sordidu5‚
1445 1540 1546 1601 sed

163 1622 373 1682 taimen
410 1616 654 1701 equestri
693 1617 901 1691 censu,
924 1615 1202 1680 Catienus
1235 1640 1249 1679 ε
1285 1622 1457 1680 etiam
1493 1623 1545 1683 is

164 1702 472 1763 lenieturt
514 1698 674 1778 cujus
714 1716 778 1759 tu
820 1700 879 1757 in
921 1717 1162 1780 patrem‘
1195 1701 1356 1781 quod
1396 1700 1547 1764 fuisti

166 1783 469 1863 asperior,
507 1802 629 1841 non
688 1778 1054 1860 reprehendo
1094 1801 1113 1853 ;
1164 1782 1326 1841 certo
1382 1784 1546 1845 enim

164 1862 289 1925 scio
330 1880 395 1925 te
430 1859 623 1923 fecisse
660 1880 793 1921 cum
829 1860 991 1922 causa
1021 1880 1036 1921 ε
1074 1859 1172 1922 sed
1213 1862 1351 1945 quid
1393 1886 1544 1946 opus

166 1945 283 2006 fuit
314 1943 601 2023 ejusmodi
636 1944 873 2015 litteris,
901 1961 1046 2024 quas
1085 1943 1159 2003 ad
1198 1944 1380 2025 ipsum
1422 1949 1548 2006 mi-

164 2025 291 2086 sisti
314 2025 341 2085 ἓ
367 2027 529 2086 illum
560 2041 791 2084 crucem
822 2021 927 2084 sibi
956 2023 1142 2104 ipsum
1171 2023 1548 2102 constituere5

164 2128 250 2168 ex
288 2129 404 2188 qua
436 2123 500 2166 tu
536 2125 683 2166 eum-
706 2105 837 2165 ante
874 2103 1200 2166 detraxisses
1233 2123 1249 2162 ε
1288 2121 1344 2164 te
1381 2115 1550 2165 cura*

166 2201 377 2247 turum
412 2185 575 2246 fumo
616 2205 681 2247 ut
719 2187 1194 2258 combureretur,
1274 2185 1547 2246 laudente

167 2268 305 2329 tota
342 2267 662 2348 provincia.
704 2264 875 2344 Quid
908 2268 1054 2328 vero
1093 2265 1166 2324 ad
1265 2309 1278 2322 .
1306 2263 1548 2326 Fabium

168 2348 378 2409 nescio
456 2367 591 2408 uem
622 2348 645 2406 ?
680 2345 855 2430 (nam
892 2365 1028 2406 eam
1101 2366 1299 2427 noque
1329 2346 1550 2428 episto-

170 2430 295 2488 lam
335 2427 413 2488 T.
498 2427 717 2488 atienus
762 2425 1012 2508 circumg
1095 2425 1200 2508 at)
1233 2430 1546 2488 renuntiari

171 2511 325 2582 tibi,
362 2509 643 2568 Licinium
686 2507 1026 2590 plagiarium
1069 2529 1200 2567 cum
1241 2507 1342 2569 suo
1381 2510 1548 2588 pullo

172 2591 425 2650 milvino
481 2589 700 2650 tributa.
747 2591 979 2670 exigere
1019 2588 1044 2647 ἓ
1086 2587 1326 2650 Deinde
1374 2609 1550 2670 rogas

172 2669 424 2730 Fabium
446 2714 466 2743 ‚
500 2687 567 2730 ut
614 2669 678 2729 &
724 2667 950 2748 patrem'
972 2713 991 2740 ‚
1028 2669 1090 2728 δε
1124 2667 1316 2728 ‘filium
1373 2672 1548 2728 vivos

174 2753 526 2826 comburat,
558 2751 609 2810 si
644 2749 900 2829 'possit'3
948 2752 1037 2808 sin
1091 2751 1319 2820 minus,
1363 2747 1436 2806 ad
1487 2765 1550 2810 te

172 2836 411 2904 mittat,
436 2835 527 2892 -uti
567 2828 782 2910 judicio
827 2833 1256 2890 comburantur.
1298 2827 1408 2886 Hae
1446 2826 1548 2888 lit-

176 2931 319 2976 terae
362 2914 463 2975 abs
504 2931 562 2974 te
611 2931 717 2992 per
754 2909 952 2991 jocum
994 2906 1166 2984 miffae
1211 2907 1283 2966 ad
1330 2906 1403 2970 C.
1427 2908 1549 2984 Faa,

1183 2985 1245 3051 O
1281 2988 1344 3072 iij
