1998 3814
377 335 500 400 'AD
529 333 994 402 FAMILIAR.
1024 328 1199 399 Lm.
1232 328 1403 398 XII.
1468 343 1571 422 55

191 445 478 525 -oepublica
531 445 821 507 sentiente
869 464 885 502 ι
947 463 1087 503 nam
1136 447 1273 526 quid
1326 447 1517 506 dicam
1546 489 1568 520 ,

197 528 566 606 cupidissimo
616 529 698 586 tui
721 573 744 601 ,
784 528 882 606 qui
921 571 941 598 ‚
997 525 1179 587 domo
1222 527 1282 588 &
1320 527 1567 587 fortunis

187 607 384 666 reliffls
411 653 433 681 ,
486 609 570 668 ad
613 625 673 668 te
717 609 1088 688 potissimiim
1130 607 1419 687 profecstus
1448 607 1569 670 sit?

183 684 378 767 Itaque
429 708 584 748 eum
616 689 722 748 tibi
761 707 834 748 ne
888 689 1243 748 commendo
1282 690 1521 770 quidem
1552 709 1571 748 z

177 767 464 829 adventus
507 772 698 850 ipsius
733 768 808 828 ad
844 784 904 827 te
939 767 1069 827 satis
1105 789 1235 829 eum
1269 790 1573 830 commen-

177 847 354 908 dabit.
423 847 534 910 Tu
594 850 778 910 velim
829 850 908 928 sic
962 846 1285 921 existimes,
1345 851 1609 931 tibique-

175 929 534 1007 persuadeas
581 975 600 1004 ‚
667 949 844 990 omne
901 927 1229 1012 perfugium
1271 930 1567 990 bonorum

175 1009 236 1066 in
275 1028 336 1072 te
387 1013 460 1070 &
513 1011 703 1070 Bruto
755 1007 868 1070 effe
913 1013 1169 1088 positum
1200 1056 1219 1085 ,
1259 1014 1353 1085 si,
1406 1013 1569 1092 quod

177 1091 362 1150 nolim
383 1137 402 1164 ‚
447 1093 694 1152 adversi
721 1090 861 1170 quid
894 1095 1175 1152 evenerit.
1204 1089 1359 1178 Res,
1387 1113 1568 1172 quum

179 1169 296 1230 haec
321 1172 658 1232 scribebam
681 1217 702 1246 ‚
739 1189 862 1232 erat
891 1173 952 1230 in
978 1187 1301 1232 extremum
1322 1173 1571 1234 adduRa

117 1247 132 1270 ²
179 1249 536 1314 discrimen:
580 1253 788 1314 Brutus
831 1255 994 1312 enirn
1031 1251 1273 1314 Mutinae
1312 1257 1412 1314 vix
1449 1250 1570 1332 jam

179 1329 516 1395 sustinebat.
559 1334 686 1412 Qui
729 1336 780 1393 si
824 1332 1191 1396 conservatus
1220 1336 1331 1396 erit
1356 1381 1377 1409 ‚
1423 1335 1573 1394 vici-

175 1432 301 1473 mus
345 1435 361 1472 :
431 1418 534 1474 sin
587 1415 614 1495 (
657 1413 818 1495 quod
875 1414 954 1474 dii
1014 1437 1189 1476 omen
1238 1413 1565 1498 avertant)

179 1499 369 1554 omnis
425 1499 704 1556 omnium
754 1492 948 1559 cursus
1005 1495 1077 1554 ad
1135 1517 1269 1559 vor».
1314 1495 1567 1559 Proinde

183 1571 274 1634 fac
312 1580 589 1636 animum
639 1595 862 1638 tantum
903 1575 1117 1636 habeas
1155 1622 1176 1651 ‚
1227 1594 1568 1657 tantumque

189 1675 536 1736 apparatum
572 1701 593 1731 ‚
637 1674 855 1738 quanto
903 1677 1051 1737 opus
1088 1655 1172 1718 est
1215 1659 1288 1718 ad
1325 1658 1570 1719 univer-

187 1733 300 1797 sam
332 1738 770 1821 rempublicam
805 1739 1281 1820 recuperandam.
1313 1739 1488 1802 Vale.

264 1867 359 1931 M.
421 1868 512 1931 T.
577 1865 654 1931 C.
716 1866 792 1933 C.
841 1851 1091 1933 CA5810⁶
1150 1867 1213 1933 S.
1270 1864 1333 1931 P.
1397 1869 1484 1934 D.
1544 1925 1549 1928 ,

195 2000 604 2057 stur-tntum
641 2022 672 2053 a
709 2001 764 2070 fe
801 2005 852 2055 in
880 2002 1051 2072 senatu
1086 2022 1148 2055 ex
1186 2005 1419 2073 dignitate
1454 2008 1571 2057 Cas·

260 2077 322 2127 εἱὶ
356 2080 532 2129 diam
568 2112 586 2135 ,
643 2079 934 2145 eamdemque
977 2079 1029 2128 in
1069 2080 1295 2129 concione
1328 2077 1566 2147 defensam

267 2144 536 2222 significat.
575 2152 721 2202 Anno
756 2151 824 2203 U.
865 2155 921 2203 C.
965 2170 1077 2217 71⁰·

189 2321 248 2381 7.
271 2231 416 2391 Q
434 2322 726 2369 υΑΝτο
765 2304 954 2367 studio
992 2306 1341 2388 dignitatem
1370 2321 1572 2382 tuam,·

195 2384 261 2444 ὅ(
315 2388 380 2448 in
442 2385 642 2447 senatu
703 2387 899 2459 &2ad
953 2387 1238 2468 populum
1286 2388 1572 2449 defende-

192 2467 347 2543 rim,
413 2488 490 2529 ex
531 2471 660 2527 'tuis
712 2486 772 2528 te
824 2468 1024 2541 malo,
1083 2468 1258 2549 quam
1288 2471 1393 2531 'ex‘
1420 2490 1518 2531 me
1548 2513 1571 2545 ‚

197 2548 570 2631 cognoscere.
608 2546 766 2628 Quae
801 2568 933 2609 mea
969 2548 1246 2610 sententia
1276 2552 1349 2609 in·
1370 2549 1570 2610 senatu

201 2624 365 2691 facile
415 2628 678 2691 valuisset
709 2676 729 2703 ‚
805 2630 914 2689 nisi
973 2628 1151 2689 Pansa
1190 2630 1571 2694 vehementer

196 2708 516 2772 obstitisset.
565 2710 652 2769 Ea
689 2708 967 2772 sententia
1014 2710 1161 2771 (1ὶᾶὶὲ
1194 2756 1213 2785 ,
1258 2707 1568 2791 producitis

196 2788 317 2849 sum
363 2794 424 2850 in
477 2794 825 2869 concionem
875 2813 910 2849 a
962 2792 1196 2851 tribuno
1241 2792 1427 2870 plebis
1472 2790 1566 2853 M.

194 2870 472 2937 Servilio.
525 2869 670 2935 Dixi
724 2872 798 2937 de
853 2888 919 2933 te
965 2892 1094 2952 quae
1144 2871 1308 3013 peotni
1335 2889 1360 2946 ·,
1408 2871 1567 2940 tanta

593 2976 598 2982 .
1261 2973 1323 3017 W
