1998 3814
455 345 611 439 456
819 345 1440 413 Epzsrozff.

453 455 803 540 potestatem
839 457 1213 538 perditissimi
1270 456 1524 516 hominis
1551 502 1570 530 ‚
1610 455 1670 516 &
1705 475 1813 518 tur·

455 541 674 620 pissimi
731 539 819 599 M.
873 537 1116 598 Antonii
1170 537 1531 597 veniendum
1592 536 1760 599 fuerit
1799 559 1817 611 ;

457 641 749 699 quocum,
777 618 984 690 vides,
1026 618 1141 678 hoc
1186 635 1452 698 ternpore
1498 617 1629 698 ipso
1748 617 1821 678 od

457 702 531 760 sit
550 745 570 772 ,
599 717 998 779 quantumque
1066 716 1377 759 certamen.
1433 696 1501 757 Id
1566 721 1678 778 pro
1707 700 1823 759 effi>

457 781 677 840 nullum
717 777 858 840 esset
883 825 902 853 ,
952 781 1061 838 nisi
1102 797 1227 838 tum
1276 777 1646 839 conservatus
1699 779 1827 841 effet

359 889 364 894 ·
457 858 770 920 Antonius.
809 859 926 919 Sed
979 860 1102 917 haec
1141 861 1375 919 omitto.
1431 857 1553 918 Res
1593 863 1756 920 enim
1795 883 1826 920 a

455 959 514 1002 te
545 939 696 1022 gesta
727 939 1117 1000 memorabilis
1136 985 1155 1012 ‚
1179 939 1243 998 &
1278 958 1433 1019 pene
1459 939 1717 1001 coelestis
1740 953 1830 1001 re¹²

461 1023 623 1102 pellit
645 1041 848 1082 omnes
873 1021 1352 1100 reprehensiones
1384 1041 1402 1091 ;
1445 1023 1547 1101 qui
1596 1041 1673 1098 pe
1708 1043 1829 1103 quae

465 1123 538 1168 ne
575 1102 740 1162 laude
827 1102 1028 1160 uidem
1076 1100 1202 1160 satis
1242 1099 1459 1160 idonea
1506 1123 1541 1160 a
1608 1105 1664 1161 ci
1694 1123 1834 1182 pos-

463 1185 553 1242 sit.
594 1181 790 1241 Exstiti
837 1185 853 1239 i
892 1187 1077 1263 imper
1111 1181 1275 1242 vultu
1312 1180 1521 1240 severo
1559 1202 1573 1240 z
1618 1185 1839 1242 exerci-

463 1279 585 1324 tum
605 1306 624 1334 ‚
646 1264 843 1340 copias
869 1306 889 1336 ,
906 1262 1171 1343 legiones
1186 1261 1428 1320 idoneas
1449 1283 1561 1341 per
1580 1279 1643 1323 te
1670 1263 1835 1323 brevi

462 1361 730 1423 tempore
768 1340 1127 1421 comparasti.
1164 1338 1266 1400 Dii
1302 1343 1709 1403 immortales!
1740 1347 1839 1424 qui

463 1424 831 1484 ille-nuntius
853 1467 874 1496 ‚
907 1444 1036 1503 quae
1073 1423 1186 1483 illae
1224 1423 1424 1482 litterae
1455 1468 1475 1495 ,
1516 1444 1651 1503 quae
1685 1425 1843 1484 laeti-

466 1506 544 1568 tia
583 1501 805 1564 ienatfis
833 1548 852 1576 ‚
890 1523 1017 1583 quae
1066 1505 1322 1564 alacritas
1362 1505 1785 1566 civitatis-erat
1818 1505 1837 1564 Ξ

468 1583 625 1644 Nihil
663 1606 761 1645 um
802 1604 935 1644 uam
965 1582 1089 1642 vidi
1126 1601 1247 1642 tam
1285 1585 1551 1644 omnium
1589 1585 1843 1645 consen-

467 1667 632 1726 sione
665 1666 754 1724 lau
799 1685 974 1724 atum.
1014 1661 1149 1722 Erat
1187 1661 1531 1743 exspetlatio
1568 1666 1675 1724 reli
1722 1669 1844 1726 uia·

467 1767 612 1805 rum·
636 1746 880 1804 Antonii
899 1790 917 1818 ‚
943 1763 1118 1824 quem
1146 1763 1189 1804 e
1229 1747 1406 1804 uitatu
1424 1790 1443 1817 ,
1477 1687 1844 1826 legiomqbus·

469 1845 582 1906 que
622 1847 829 1906 magna
871 1845 944 1884 ex
986 1841 1152 1903 >parte
1220 1825 1460 1904 poliat-as
1497 1847 1513 1884 :
1568 1845 1643 1884 ea
1683 1847 1844 1907 quo-

467 1926 582 1986 que
617 1905 814 1967 habuit
857 1907 1077 1967 exitum
1122 1905 1457 1985 optabilem.
1508 1904 1674 1966 Nam
1724 1926 1841 1967 tuae

469 1987 672 2047 litterae
697 2031 714 2060 ‚
749 2007 878 2067 quae
926 1988 1174 2047 recitatae
1210 1989 1268 2045 in
1318 1985 1513 2047 senatu
1548 1984 1730 2062 sunt,
1778 1990 1845 2049 δι

468 2069 828 2146 imperatoris
863 2066 1165 2126 consilium
1186 2110 1206 2140 ‚
1242 2066 1305 2125 &
1346 2068 1597 2126 rnilitum
1644 2072 1843 2129 virtu-

474 2166 628 2221 tem,
653 2144 1066 2207 &industriam
1095 2163 1361 2220 tuorum,
1396 2150 1457 2206 in
1488 2147 1704 2228 quibus
1732 2148 1843 2209 Ci-

473 2230 700 2289 ceronis
729 2228 874 2298 mei,
915 2227 1221 2287 declarant.
1254 2226 1447 2365 (guod
1476 2232 1526 2287 si
1562 2232 1677 2290 tuis
1704 2230 1841 2309 pla·

465 2306 670 2369 cuiffet
719 2308 792 2367 de
833 2308 920 2367 his
958 2306 1160 2367 litteris
1212 2326 1277 2367 re
1304 2310 1451 2381 etri,
1486 2308 1554 2367 &
1608 2312 1723 2369 nisi
1776 2313 1839 2369 iu

470 2404 701 2467 tempus
749 2388 1301 2449 turbulentissimum
1349 2385 1479 2467 post
1532 2386 1839 2449 discess'um

465 2466 662 2530 Pansae
703 2466 944 2527 consulis
967 2465 1285 2527 incidissent
1318 2487 1340 2541 3
1366 2468 1558 2527 honos
1598 2490 1841 2550 quoque

470 2547 645 2629 justus
688 2546 751 2607 ὅ(
773 2547 998 2607 debitus
1038 2548 1141 2606 diis
1176 2548 1599 2627 immortalibus
1616 2549 1839 2611 decre-

472 2647 564 2691 tus
586 2626 743 2689 esset.
779 2626 928 2689 Ecce
958 2628 1063 2687 tibi
1095 2626 1163 2687 Id
1183 2628 1370 2707 April.
1403 2628 1645 2690 advolat
1666 2632 1839 2691 mane

471 2710 624 2772 celer
659 2706 806 2767 Pilus
827 2752 846 2781 ‚
881 2711 979 2789 qui
1008 2710 1097 2767 vir
1133 2710 1151 2769 ’Ξ
1187 2708 1267 2768 dii
1302 2710 1479 2782 boni,
1500 2708 1681 2789 quam
1706 2732 1837 2793 gra-

467 2795 561 2853 -vis
601 2791 616 2851 1
659 2786 833 2868 quam
873 2786 1136 2848 constans
1168 2788 1183 2847 l
1228 2788 1403 2869 quam
1439 2790 1729 2849 bonarum
1773 2794 1837 2849 in

469 2870 782 2953 republica*
810 2870 1065 2951 partium
1112 2870 1131 2931 2
1178 2867 1294 2931 Hic
1340 2867 1607 2952 epistolas
1652 2868 1841 3010 c{dfert

1696 2970 1793 3011 uas
1812 2995 1834 3025 ,
