1998 3814
480 364 627 439 312
732 344 1538 419 tEptsrozAnvM

472 461 657 537 ticeps
724 454 872 519 fuisti
898 502 918 530 ‚
962 457 1106 517 nihil
1177 454 1548 519 consecutum
1619 470 1856 537 putems

478 536 669 617 Quod
707 540 757 597 si
796 554 861 599 ut
902 538 1322 618 amplissimum
1364 557 1584 597 nomen
1633 538 1856 598 conse·-

482 638 825 698 queremur‚
852 638 995 679 unus
1077 636 1244 679 raeter
1281 636 1506 679 ceteros
1543 615 1856 696 adjuvisti;

480 700 637 759 certe
673 698 864 771 idem,
891 712 957 757 ut
994 702 1014 759 i
1093 700 1474 771 retineamus,
1500 718 1722 777 praeter
1757 718 1858 758 ce-

480 796 637 839 teros
686 778 1028 839 elaborabiS.
1093 778 1232 839 Non
1283 776 1364 839 est
1399 779 1520 839 tibi
1573 778 1664 837 his
1721 776 1856 841 susis

478 858 759 919 utendum
798 857 1308 919 existimationibus
1347 880 1414 939 ae
1455 856 1684 936 judiciis
1707 904 1728 933 ‚
1755 863 1858 941 qui

478 960 633 1001 nunc
674 937 798 998 sunt
818 984 838 1012 ‚
870 939 1172 999 hominum
1203 959 1224 1011 3
1263 937 1361 999 sed
1399 940 1486 997 iis-
1507 942 1727 1013 etiam,
1757 942 1858 1019 qui

482 1019 656 1082 futuri
686 1023 797 1079 sint
822 1040 838 1078 τ
912 1040 1224 1100 namquam
1255 1019 1484 1079 illorum
1517 1022 1626 1079 erit
1655 1023 1868 1083 verius-

484 1098 763 1179 judicium
785 1144 805 1172 ‚
856 1122 893 1160 ο
988 1098 1298 1162 effatione·
1327 1100 1393 1163 ὃ(
1437 1100 1860 1161 malevolentia

484 1182 811 1243 liberatum.

574 1280 667 1341 35.
688 1258 847 1321 Deni
926 1281 960 1321 e
988 1260 1130 1323 illud
1159 1262 1332 1322 etiam
1362 1260 1540 1320 debes
1569 1263 1858 1342 cogitare,

484 1362 607 1400 non
641 1360 697 1402 te
726 1282 966 1405 tibitffili
996 1343 1237 1422 gloriam
1265 1360 1520 1421 quaerere
1559 1361 1578 1413 3
1611 1342 1780 1422 quod
1809 1345 1857 1399 si

487 1420 665 1496 effer,
692 1438 889 1483 tamen
940 1422 1064 1481 noh
1117 1423 1444 1503 negligeres
1475 1441 1494 1495 ;
1535 1422 1854 1501 praesertim

488 1522 665 1585 quum
700 1502 1064 1582 amplissimis
1097 1505 1484 1563 monumentis
1515 1502 1854 1563 consecrare

488 1581 757 1645 voluisses
801 1585 1144 1643 memoriam
1183 1584 1434 1643 nominis
1469 1584 1554 1643 tui
1587 1603 1603 1643 ε
1646 1582 1752 1644 sed
1789 1604 1854 1642 ea

443 1720 451 1725 .
489 1666 599 1724 tibi
634 1662 716 1723 est
750 1663 1229 1723 communicanda
1261 1682 1525 1735 mecum,
1551 1664 1858 1742 prodenda

491 1744 683 1805 liberis
723 1741 925 1806 nostris
959 1764 975 1803 ε
1011 1746 1070 1803 in
1107 1764 1228 1825 quo
1267 1743 1592 1805 cavendum
1627 1743 1714 1805 est
1735 1790 1756 1817 ,
1781 1762 1854 1803 ne

493 1826 543 1885 si
580 1823 961 1905 negligentior
996 1822 1210 1897 fueris,
1241 1844 1362 1885 non
1395 1822 1579 1883 foliam
1607 1823 1720 1883 tibi
1753 1846 1856 1903 pa.-

404 1934 411 1953 ›
494 1926 621 1976 rum
669 1902 999 1966 consuluisse
1017 1949 1038 1979 ‚
1067 1902 1167 1968 sed
1215 1909 1392 1966 etiam
1435 1906 1547 1966 tuis
1595 1902 1852 1970 invidisse

488 1985 759 2052 videaris.

578 2064 771 2128 XVI.
812 2064 1008 2146 Atque
1047 2063 1168 2126 haec
1208 2085 1329 2126 non
1361 2066 1438 2128 eb
1467 2066 1773 2141 dicuntur,
1797 2083 1854 2127 ut

492 2165 552 2208 te
592 2149 779 2208 oratio
822 2165 951 2206 mea
994 2146 1381 2206 dormientem
1423 2146 1688 2210 excitass'e
1709 2194 1731 2224 ,
1763 2148 1852 2209 sed

496 2229 691 2308 potiils
740 2243 803 2286 ut
850 2242 1176 2286 currentem
1233 2225 1479 2288 incitass'e
1539 2229 1852 2290 videatur:

496 2307 673 2366 facies
736 2308 894 2366 enim
961 2309 1289 2387 perpetuo,
1335 2327 1464 2388 quae
1523 2307 1708 2372 fecisti
1731 2353 1754 2383 ‚
1795 2324 1852 2368 ut

498 2407 704 2452 omnes
754 2387 1084 2467 aequitatem
1131 2403 1292 2446 tuam
1315 2430 1335 2458 ‚
1363 2393 1848 2467 temperantiam,

497 2466 859 2528 severitatem
878 2509 898 2538 ‚
934 2468 1436 2548 integritatemque
1483 2469 1742 2530 laudent.

514 2591 523 2608 ,
586 2547 678 2628 36.
728 2545 843 2606 Sed
898 2567 993 2607 me
1051 2548 1316 2627 quaedam
1369 2564 1532 2608 tenet
1552 2592 1571 2620 ‚
1622 2567 1852 2630 propter

499 2629 840 2710 singularem
876 2647 1170 2702 amorem,
1188 2625 1410 2688 infinita
1435 2629 1498 2691 in
1527 2647 1586 2690 te
1619 2631 1850 2690 aviditas

496 2711 694 2800 gloriae
728 2726 743 2765 ε
781 2727 1131 2788 quamquam
1173 2708 1311 2766 illud
1352 2706 1652 2785 existimo,
1679 2729 1850 2790 quum

498 2810 618 2867 jam
647 2790 753 2848 tibi
779 2787 950 2860 Asia,
978 2791 1124 2848 sicut
1155 2790 1462 2870 unicuique
1493 2788 1590 2850 sua
1619 2789 1852 2862 domm,

500 2886 639 2932 nota
670 2867 782 2932 effe
810 2867 1060 2944 debean
1085 2888 1264 2950 quum
1293 2869 1368 2932 ad
1395 2887 1556 2932 tuam
1583 2868 1854 3012 samniam

1495 2971 1605 3032 pru
1647 2952 1851 3014 entiam
