1998 3814
499 305 660 380 454.
877 285 1471 355 EPISToLAE

495 397 676 460 Pansa
712 399 786 460 de
821 403 1077 461 exercitu
1111 398 1214 459 suo
1236 443 1256 473 ,
1301 415 1400 458 aut
1456 396 1727 474 ἀεὶεᾶιι,
1772 401 1875 460 tihi

491 481 569 548 ali
611 480 709 540 uid
731 479 941 541 tribuat
957 526 976 553 ‚
1012 499 1077 541 ut
1104 483 1283 541 etiam
1307 477 1546 540 moleste
1580 479 1731 542 ferat
1756 498 1871 543 tam

493 559 596 622 inu
619 579 710 622 tos
743 561 818 622 ad
860 578 918 622 te
954 562 1039 622 ire
1077 561 1440 623 voluntarios
1496 579 1522 632 ·,
1565 563 1873 642 quomodo

493 641 772 723 equidem
812 639 989 702 credo
1011 687 1033 716 ‚
1072 641 1234 722 quod
1268 642 1354 700 his
1399 640 1569 704 rebus
1590 685 1613 714 ,
1640 663 1775 726 quae
1816 645 1874 702 in

493 719 661 784 Italia
721 721 1109 784 decernuntur
1148 768 1168 798 ,
1220 721 1403 782 nullas
1444 722 1646 802 copias
1704 726 1872 784 nimis

501 823 737 864 maonas
787 801 901 864 effe
935 804 1237 864 arbitretur
1269 823 1289 875 ;
1328 802 1639 885 quomodo
1688 823 1879 864 autem

500 853 667 944 mulii
695 881 1040 964 suspicantur
1058 928 1079 958 ‚
1112 883 1271 964 qubd
1306 904 1381 945 ne
1415 899 1475 944 te
1512 883 1761 970 quidem
1788 889 1877 944 ni-

503 967 614 1026 mis
640 961 870 1024 firmum
891 963 1003 1024 effe
1029 965 1209 1026 velit:
1236 965 1397 1046 quod
1413 984 1446 1024 e
1487 985 1527 1023 o
1548 983 1676 1024 non
1702 964 1877 1046 suspi-

501 1065 625 1110 cor.
674 1041 864 1122 Quod
897 1044 1090 1105 scribis
1112 1090 1133 1119 ‚
1175 1062 1236 1104 te
1278 1045 1353 1105 ad
1457 1047 1667 1106 ertiam
1711 1045 1875 1106 soro-

499 1142 629 1186 rem
674 1123 947 1204 scripsisse
980 1171 999 1200 ,
1039 1139 1103 1184 ut
1152 1145 1229 1186 ne
1268 1127 1422 1206 prius
1466 1125 1721 1185 ederent
1769 1147 1876 1201 ea,

547 1225 636 1264 uae
669 1203 822 1286 gesta
843 1227 879 1266 a
903 1201 1113 1266 Cassio
1149 1203 1327 1266 essent
1350 1251 1369 1280 ,
1413 1202 1593 1290 quarn
1624 1206 1775 1266 mihi
1800 1210 1880 1266 vi-

527 1305 629 1344 um
663 1283 816 1345 effet'
840 1307 859 1358 ;
885 1286 1063 1349 video
1093 1305 1151 1347 te
1184 1289 1435 1347 veritum
1466 1283 1581 1345 esse
1614 1287 1685 1346 id
1722 1287 1877 1368 quod

499 1365 825 1428 verendum
844 1363 952 1428 fuit
971 1412 992 1441 ,
1038 1386 1113 1428 ne
1157 1368 1332 1428 animi
1376 1367 1629 1446 partium
1668 1365 1874 1428 Caesa-

490 1445 579 1508 ,ris
603 1493 624 1522 ‚
659 1447 962 1528 quomodo
1004 1449 1181 1508 etiam
1218 1467 1371 1508 nunc
1424 1464 1618 1526 partes
1666 1449 1877 1532 appel·

503 1527 728 1602 larunt,
761 1527 1144 1591 vehementer
1185 1543 1727 1589 commoverentur.
1762 1528 1876 1590 Sed

505 1610 677 1682 ante,
716 1607 890 1692 quam
923 1626 1047 1674 tuas
1092 1610 1309 1672 litteras
1352 1610 1689 1690 accepimus
1708 1654 1731 1684 ‚
1763 1632 1875 1670 au·-

503 1688 626 1747 dita
661 1709 754 1748 res
800 1707 919 1750 erat
951 1733 970 1764 ,
1024 1686 1089 1748 δι’
1138 1689 1475 1770 pervulgata
1508 1709 1527 1748 ε
1567 1691 1659 1753 tui
1699 1691 1875 1752 etiam

501 1768 782 1829 tabellarii
829 1769 902 1828 ad
936 1769 1151 1830 multos
1184 1767 1487 1830 familiares
1526 1787 1663 1830 tuos
1713 1771 1873 1832 litte·-

504 1869 595 1909 ras
633 1851 955 1911 attulerant.
987 1847 1193 1929 Quare
1229 1869 1419 1931 neque
1458 1848 1871 1933 supprimenda

502 1948 594 1989 tes
620 1946 741 1989 erat
757 1976 776 2001 ,
803 1930 1111 2011 praesertim
1133 1951 1309 2011 quum
1345 1930 1404 1990 id
1439 1927 1566 1991 fieri
1593 1954 1719 1999 non
1740 1932 1872 2014 pos·

506 2008 591 2070 set
621 2029 640 2083 ;
674 2030 862 2093 neque
886 2056 907 2086 ‚
942 2012 990 2071 si
1022 2008 1207 2091 posset
1228 2056 1249 2083 ‚
1290 2030 1413 2071 non
1454 2010 1871 2095 divulgandam

505 2093 700 2231 getius
722 2136 740 2163 ‚
767 2089 941 2172 quam
963 2091 1364 2153 occultandam
1390 2107 1751 2172 putaremus·
1772 2093 1871 2157 De

565 2172 798 2235 icerone
835 2192 974 2232 meo
998 2217 1020 2246 ,
1056 2172 1119 2231 &
1142 2217 1165 2246 ,
1203 2174 1249 2231 si
1284 2189 1508 2233 tantum
1556 2172 1641 2233 est
1684 2176 1749 2233 in
1794 2195 1869 2236 eo

548 2270 782 2313 uantum
809 2250 999 2311 scribis
1020 2298 1039 2326 ‚
1070 2269 1295 2315 tantum
1317 2250 1530 2313 scilicet
1546 2298 1569 2327 ,
1586 2272 1869 2333 quantum

516 2332 697 2401 ,ebeo
722 2378 742 2405 ,
783 2332 1009 2413 gaudeo
1045 2351 1060 2391 ε
1094 2334 1158 2392 &
1181 2378 1202 2407 ‚
1236 2334 1287 2395 si
1320 2332 1479 2413 quod
1504 2354 1665 2393 amas
1693 2355 1825 2396 eum
1846 2381 1867 2410 ‚

505 2410 580 2481 eb
620 2410 840 2489 majora
888 2412 1027 2473 facis
1062 2431 1083 2485 ;
1114 2412 1187 2483 id,
1218 2412 1409 2491 ipsum
1456 2414 1866 2485 incredibiliter

504 2490 734 2574 gaudeo
751 2536 776 2568 ‚
815 2514 852 2556 a
884 2510 941 2559 te
973 2512 1113 2562 eum
1147 2492 1327 2579 diligi.
