1998 3814
348 328 472 385 ,ω
503 314 959 385 ΡΑΜιιῙΑκ.
983 314 1161 388 Lm.
1185 312 1345 387 XV.
1399 334 1554 413 2¹7

184 426 438 491 hortatus
458 474 480 503 ,
514 446 582 488 ut
614 426 1015 501 recordaretur
1051 432 1237 493 casum
1271 430 1434 491 illum
1465 435 1556 493 ina-

179 508 375 571 oetitfis
418 510 695 589 paterni,
730 510 794 571 ὃ(
828 512 1133 591 vigiianter
1166 510 1224 571 se
1257 526 1550 588 tueretur,

178 600 349 670 'atque
404 590 715 649 admonitu
760 588 984 659 senatus
1029 590 1350 653 consuleret
1390 592 1552 653 saluti

177 669 282 727 suae
322 690 342 741 ;
410 687 541 729 tum
602 692 636 728 a
692 690 789 731 me
838 671 1098 733 discessit
1149 673 1210 730 in
1264 673 1555 753 oppidum

178 747 475 829 Cybistra.
544 748 779 819 Postero
820 768 1013 811 autem
1058 753 1150 813 die
1193 772 1328 811 cum
1370 752 1550 818 Aria-

172 832 331 891 rathe
358 837 399 903 ‚'
427 829 611 891 fratre
649 830 751 891 suo
775 860 803 905 ,·
838 832 903 892 ὃ(
943 854 1076 893 cum
1117 834 1367 913 paternis
1411 836 1558 895 ami-

178 912 252 971 cis
279 956 298 985 ‚
338 908 667 988 majoribus
694 926 865 983 natu,
900 912 973 972 ad
1011 930 1106 973 me
1137 915 1198 971 in
1229 910 1402 971 castra
1431 934 1551 973 ve·-

175 994 255 1049 nit
280 1012 300 1063 ;
330 989 816 1071 perturbatusque
856 992 917 1050 &
948 992 1090 1053 flens
1112 1037 1132 1067 ,
1173 1008 1350 1073 quum
1383 992 1550 1053 idem

27 1112 29 1115 >
80 1130 85 1134 .
179 1070 241 1131 &
268 1070 452 1130 frater
484 1070 832 1143 fac·eret,&
866 1074 1077 1147 amici,
1105 1092 1298 1131 meam
1331 1066 1552 1148 fidem,

174 1150 431 1231 ‘vestram
468 1152 1043 1212 commendationem
1081 1151 1394 1231 implorare
1426 1172 1554 1213 coe-

178 1234 280 1311 pit.
314 1230 538 1308 Quum
578 1231 885 1290 admirarer
905 1277 922 1305 ‚
957 1232 1095 1313 quid
1125 1228 1410 1293 accidiffet
1438 1253 1552 1295 πο-

172 1315 238 1371 vi
269 1314 473 1389 ;·dixit
500 1356 520 1385 ‚
559 1312 632 1370 ad
670 1312 727 1372 se
766 1312 975 1373 indicia
1017 1310 1434 1373 manifestarum
1457 1317 1552 1374 in-

177 1392 458 1451 sidiarum
516 1388 633 1451 effe
693 1391 881 1459 delata
915 1438 936 1467 ,
998 1414 1126 1474 quae
1181 1391 1362 1454 essent
1407 1410 1546 1455 ante

176 1474 507 1533 adventum
538 1492 734 1531 meum
772 1474 1090 1546 occultata,
1133 1474 1295 1553 quod
1332 1476 1413 1545 ii,
1451 1474 1550 1553 qui

178 1562 249 1613 ea
304 1550 641 1633 patefacere
702 1551 927 1633 poffent
958 1596 977 1628 ‚
1036 1572 1276 1634 propter
1326 1570 1550 1614 metum

178 1630 533 1700 reticuissent
559 1652 575 1690 τ
614 1652 689 1691 eo
718 1652 911 1693 autem
941 1649 1212 1714 tempore
1236 1678 1256 1707 ‚
1293 1632 1400 1715 spe
1432 1636 1552 1693 mei

179 1714 436 1792 praesidii
464 1757 485 1783 ,
522 1732 655 1770 com
698 1713 847 1774 lut-es
890 1734 967 1774 ea
1007 1734 1138 1795 quae
1177 1710 1419 1789 scirent,
1451 1736 1550 1778 au-

176 1793 379 1855 dacter
414 1792 493 1851 ad
538 1790 599 1851 se
716 1792 895 1853 tulisse
933 1810 950 1852 t
992 1796 1056 1853 in
1095 1794 1182 1853 his
1221 1796 1549 1855 amantissia-

178 1894 348 1937 mum
384 1872 469 1934 sui
498 1919 518 1946 ‚
560 1870 777 1937 famma
811 1875 1032 1956 pietate
1066 1875 1366 1956 praeditum
1389 1922 1408 1951 ,
1437 1874 1551 1936 fra-

176 1973 331 2016 trem
354 1999 375 2028 ,
418 1953 613 2015 dicere
650 1975 759 2030 ea,
802 1975 929 2036 quae
958 1957 1007 2014 is
1043 1955 1153 2024 me'
1175 1977 1410 2038 quoque
1443 1953 1551 2016 au-'

174 2035 383 2110 diente
418 2034 674 2096 -dlcebat
704 2079 725 2110 ‚
781 2034 837 2096 se
879 2035 1237 2096 sollicitatum
1281 2035 1394 2096 effe
1418 2079 1439 2108 ,
1479 2055 1548 2097 ut

176 2126 429 2198 regnare
476 2115 658 2176 vellet
687 2116 808 2175 rid
849 2117 991 2177 vivo
1027 2115 1200 2176 fratre
1243 2115 1352 2175 suo
1385 2117 1548 2175 acci-

174 2197 323 2274 dere
364 2213 491 2254 non
550 2193 789 2275 potuisse
826 2216 843 2254 ι
894 2194 951 2255 se
990 2213 1185 2256 tamen
1225 2214 1360 2256 ante
1404 2195 1548 2256 illud

174 2295 416 2357 tempus
445 2295 593 2342 ,eam
639 2294 765 2336 rem
814 2295 1131 2358 numquam
1177 2277 1236 2336 in
1285 2275 1546 2336 medium

172 2373 431 2438 propter
516 2356 712 2415 ericuli
746 2374 967 2428 metum
1015 2353 1323 2436 protuliss'e.
1385 2355 1546 2436 Quae

176 2438 364 2518 quum
489 2453 549 2496 et
596 2436 820 2495 locutus
854 2481 874 2510 ,
928 2439 1129 2497 monui
1167 2457 1366 2519 regem
1405 2480 1425 2510 ,
1482 2455 1549 2498 ut

178 2535 431 2578 omnem
474 2515 826 2598 diligentiam
876 2516 950 2576 ad
986 2515 1043 2576 se
1086 2516 1545 2580 conservandum

176 2597 489 2658 adhiberet
527 2617 546 2669 ;
602 2596 925 2678 amicosque
962 2599 1138 2676 patris
1180 2595 1302 2674 ejus
1337 2599 1547 2676 avique

174 2674 405 2754 iudicio
445 2676 721 2758 probatos
759 2678 1018 2750 hortatus
1058 2675 1179 2734 sum
1207 2720 1226 2748 ‚
1268 2678 1414 2758 regis
1465 2675 1547 2736 sui

170 2760 366 2818 vitam
384 2803 405 2832 ‚
444 2756 599 2816 doffi
624 2757 753 2818 casu
786 2757 1156 2816 acerbissimo
1185 2758 1357 2833 patris
1387 2751 1508 2828 ejus
1527 2801 1547 2830 ,

178 2841 350 2902 omni
367 2839 507 2898 curi
530 2835 895 2919 custodiaque
911 2834 1314 2898 defenderent.
1339 2832 1546 2914 Quun'i

217 2977 225 2984 ,
269 2921 475 2981 Tamus
522 2917 667 2984 XII.
1286 2913 1346 2974 Κ.
