1998 3814
460 354 615 427 240
760 335 1516 404 EptsrozAnvM

460 453 609 510 meis
646 448 815 509 rebus
856 448 1184 510 faciendum
1222 468 1386 509 cures
1413 490 1433 521 ,
1478 466 1604 508 non
1642 444 1828 509 audeo

461 524 841 590 vehemente}
876 552 909 588 a
936 545 995 590 te
1029 529 1386 589 contendere
1411 573 1429 602 ‚
1461 548 1536 588 ne
1569 546 1670 587 aut
1706 527 1826 605 ipse

463 624 576 670 tuae
604 626 901 691 perpetuae
941 607 1362 670 consuetudinis
1391 628 1532 690 erga
1558 628 1654 667 me
1690 609 1836 667 obli·
1920 660 1932 667 .

464 704 555 751 tus
617 688 728 751 esse
776 689 1013 764 videar,
1059 704 1156 750 aut
1210 708 1268 749 te
1315 689 1566 748 oblit‘um
1650 706 1836 749 utem.

466 770 669 848 Quare
690 815 709 843 ‚
748 788 813 831 ut
847 788 905 830 te
945 770 1099 833 velle
1146 769 1390 829 arbitror
1408 814 1430 842 ‚
1467 771 1550 829 ita
1650 770 1838 839 ciam3

464 870 639 931 atque
674 850 746 913 ab
774 870 853 914 eo
874 893 897 924 ‚
936 870 1115 931 quem
1155 868 1362 909 omnes
1399 864 1608 931 gentes
1657 848 1840 909 sciunt

466 930 542 990 de
580 950 676 991 me
713 931 954 1010 optime}
974 932 1243 989 meritum
1269 974 1288 999 ‚
1327 929 1584 989 inviter
1617 947 1838 1007 petam.

466 1008 527 1071 Si
558 1010 649 1069 alii
679 1010 937 1070 consules
966 1008 1146 1071 effent
1167 1053 1188 1082 ‚
1221 1008 1296 1069 ad
1326 1024 1385 1068 te
1421 1008 1795 1088 poti'ssimum
1820 1054 1841 1083 ‚

475 1088 650 1151 Paule
670 1132 692 1162 ‚
716 1093 1048 1164 mitterem,
1079 1104 1142 1149 ut
1171 1108 1276 1149 eos
1306 1088 1444 1147 mihi
1479 1088 1657 1169 quem
1699 1092 1845 1149 athi'-

472 1173 733 1237 cissimos
772 1170 1086 1230 redderes:
1131 1188 1284 1229 nunc
1325 1187 1505 1251 quum
1540 1188 1640 1229 tua
1679 1168 1844 1232 sum-³·

474 1252 581 1308 ma'
602 1248 851 1330 potestas
873 1294 895 1325 ‚
926 1249 1258 1331 summaque
1283 1248 1590 1311 auam-itas
1610 1295 1629 1322 ‚
1667 1268 1846 1311 nota-

474 1348 591 1411 que
632 1331 899 1390 omnibus
934 1329 1127 1391 nostra
1165 1330 1532 1389 necessitudo
1577 1332 1652 1391 sit
1673 1374 1694 1403 ‚
1729 1347 1848 1391 veo

475 1408 777 1471 hen-tenter
806 1429 866 1472 te
907 1432 1055 1495 rogo
1075 1428 1106 1482 ,·
1141 1428 1204 1471 ut
1238 1411 1300 1469 &
1335 1410 1510 1490 quem
1552 1410 1849 1471 honorifi-

476 1493 803 1552 centissime
848 1510 1013 1553 cures
1068 1490 1496 1557 decernendum
1552 1491 1628 1551 de
1699 1494 1846 1551 meis

472 1572 645 1631 rebus
694 1568 859 1652 gestis
880 1616 901 1645 ‚
942 1572 1009 1631 &
1045 1570 1222 1650 quium
1261 1571 1580 1632 celet-xime.
1613 1570 1846 1653 Dignius

478 1671 569 1711 res
612 1649 722 1711 esse
762 1652 985 1711 honore
1030 1650 1092 1711 &
1132 1651 1506 1733 gratulatione
1531 1694 1550 1725 ‚
1591 1650 1850 1733 cognos-

478 1750 579 1791 ces
625 1751 699 1791 ex
734 1732 803 1791 iis
847 1730 1044 1792 litteris
1067 1776 1086 1805 ,
1118 1749 1258 1811 quas
1299 1730 1374 1791 ad
1409 1748 1470 1791 te
1497 1775 1519 1805 ‚
1551 1732 1619 1791 &
1657 1733 1852 1793 colle-

476 1830 613 1893 gam
636 1855 656 1884 ‚
694 1809 1043 1872 &senatum
1077 1811 1301 1891 publice
1336 1812 1466 1870 misi
1497 1832 1513 1871 ε
1545 1814 1852 1871 omnium}-

472 1911 595 1972 que
628 1892 891 1955 mearum
921 1893 1269 1974 reliquarum
1295 1911 1488 1952 rerum
1514 1935 1535 1964 ,
1563 1892 1851 1952 maxime-

478 1992 594 2052 que
614 1970 1046 2034 exiffimationis
1067 1990 1215 2034 meae
1237 1974 1706 2053 procurationem
1735 1968 1856 2036 suf—

260 2100 283 2121 .
374 2073 379 2078 ·
473 2067 714 2132 ceptam
757 2054 937 2114 velim
983 2053 1224 2114 habens,
1257 2049 1348 2112 ·In
1389 2051 1702 2146 ptimisque
1743 2056 1852 2114 tibi

478 2153 632 2193 curae
675 2134 744 2193 sit
765 2178 783 2206 ,
823 2133 983 2214 quod
1025 2133 1130 2194 abs
1165 2149 1222 2192 te
1263 2131 1323 2191 su
1366 2135 1650 2193 enoribus
1687 2155 1852 2215 quo-

474 2233 599 2294 que
636 2213 837 2272 litteris
868 2216 1049 2294 petivi
1075 2231 1110 2287 ,τ
1137 2232 1209 2272 ne
1253 2215 1332 2271 mi
1375 2215 1393 2270 i
1429 2230 1660 2294 ternpus
1703 2227 1848 2294 pro·-

480 2309 735 2374 rogetur..
778 2292 971 2374 Cupio
1005 2309 1064 2353 te
1099 2291 1390 2352 consulem
1425 2293 1667 2366 videre,
1711 2315 1849 2354 om-

472 2375 692 2452 niaque
738 2370 905 2453 spero
922 2417 943 2448 ‚
994 2391 1174 2453 quum
1206 2370 1408 2432 absens
1430 2417 1453 2444 ,
1505 2391 1632 2435 tum
1665 2377 1848 2436 etiam

476 2451 731 2533 presens
756 2497 777 2528 ‚
817 2470 875 2516 te
930 2451 1160 2516 consule
1195 2449 1432 2535 affequi.

1451 2894 1484 2904 '⁴
1521 2889 1738 3000 M‘r.
1777 2932 1855 3000 c·
