1998 3814
330 367 462 420 AD
490 347 585 444 Q.
610 349 1005 418 Examen
1025 347 1206 420 Lm.
1233 345 1332 418 ΙῙ.
1389 366 1429 444 3
1440 363 1488 440 ς
1500 367 1538 442 3

152 465 489 546 nequando
526 484 561 524 e
606 486 643 524 o
676 465 783 526 tibi
804 511 825 540 ,
862 483 1042 546 quum
1071 463 1193 523 sum
1220 463 1376 536 una,
1407 481 1542 525 mo-

148 543 344 608 destus
388 548 519 604 sim.
626 547 763 607 ideo
801 563 860 606 te
900 541 1256 626 ingemuisse.
1297 545 1391 605 Sic
1431 543 1496 605 fit
1523 587 1548 619 ,

176 625 261 687 εἶδ’
296 631 347 688 ἐν
382 627 487 704 οἴῳ
524 624 721 704 &gno-⁶
746 649 765 686 .·
804 643 1118 706 numquam
1159 627 1316 686 enim
1355 625 1547 684 dicam

176 703 246 766 ἴοι
277 702 489 772 πείσας.
526 703 783 766 Marium
818 724 1012 766 autem
1044 703 1298 766 nostrum
1334 706 1394 765 in
1426 706 1549 766 lec-

176 785 353 846 ticam
396 784 728 846 mehercule
774 783 1142 864 conjecissem
1167 831 1186 860 ‚
1225 807 1347 846 non
1388 785 1550 846 illam

174 867 331 947 regis
370 863 674 926 Ptolemaei
703 866 1084 927 Anicianam:
1119 869 1358 932 memini
1390 870 1550 928 enim

180 965 365 1028 quum
400 945 701 1008 hominem
730 965 1026 1029 portarem
1057 946 1128 1006 ad
1153 945 1316 1010 Baias
1339 992 1358 1021 ‚
1395 947 1556 1008 Nea-

180 1026 347 1106 poli,
380 1025 707 1106 oklophoro
745 1029 1034 1088 Aniciano
1055 1072 1076 1101 ,
1108 1027 1558 1108 machaeropho-

180 1106 258 1166 ris
308 1125 547 1168 centum
582 1107 951 1189 sequentibus
972 1151 993 1180 ,
1041 1109 1220 1170 miros
1263 1107 1398 1168 risus
1443 1130 1551 1169 nos

184 1187 360 1262 edere
384 1231 406 1260 ‚
444 1207 625 1268 quum
683 1189 779 1254 ille
820 1191 1054 1270 ignarus
1093 1187 1174 1248 sui
1215 1189 1554 1260 comitatus,

182 1269 430 1347 repente
481 1269 704 1348 aperuit
748 1267 1012 1330 lecticam
1057 1312 1076 1341 ‚
1139 1269 1204 1328 &
1259 1289 1410 1351 pene
1457 1271 1555 1330 ille

185 1350 398 1408 timore
426 1392 445 1421 ‚
488 1367 522 1409 e
564 1371 603 1410 ο
637 1350 748 1410 risu
790 1353 998 1411 corrui.
1036 1345 1206 1408 Tunc
1228 1394 1248 1424 ,
1283 1367 1349 1410 ut
1382 1351 1514 1411 dico
1535 1394 1556 1426 ,

192 1429 349 1489 certe
386 1426 533 1488 sustu
556 1429 715 1490 issem
738 1475 758 1505 ‚
810 1448 875 1492 ut
920 1429 1230 1512 aliquando
1272 1429 1557 1492 subtilita-

185 1527 308 1570 tem
366 1513 585 1572 veteris
642 1511 977 1572 urbanitatis
1039 1510 1102 1570 &
1159 1510 1558 1572 humanissimi

186 1589 469 1650 sermonis
508 1591 885 1674 attingerem:
928 1590 1030 1651 sed
1060 1590 1361 1650 hominem
1397 1589 1560 1652 infir-

188 1679 351 1730 mum
398 1673 460 1730 in
501 1671 701 1732 villam
743 1687 1006 1752 apertam
1045 1715 1066 1744 ,
1122 1691 1189 1754 ap
1236 1691 1310 1731 ne
1351 1671 1560 1732 rudem

185 1751 433 1832 quidem
477 1755 651 1812 etiam
700 1761 853 1812 nu'nc
898 1753 1142 1812 invitare
1184 1753 1362 1812 nolui.
1421 1753 1562 1814 Hoc

188 1833 333 1892 verb
364 1832 508 1892 mihi
548 1833 833 1914 peculiare
875 1831 1086 1906 fuerit,
1115 1831 1208 1897 lic
1245 1836 1420 1893 etiam
1451 1833 1560 1894 isto

192 1912 345 1973 frui:
394 1934 533 1973 nam
578 1914 809 1975 illorum
844 1914 1194 1994 praediorum
1237 1914 1375 1974 scito
1421 1914 1563 1975 mihi

188 1996 453 2056 vicinum
500 1993 754 2055 Marium
798 1994 996 2054 lumen
1030 1992 1165 2054 esse.
1211 1992 1390 2073 Apud
1421 1995 1566 2053 Ani-

188 2076 349 2136 cium
393 2074 727 2136 videbimus
773 2118 793 2148 ‚
850 2091 915 2134 ut
972 2090 1238 2155 paratum
1288 2076 1382 2133 sit.
1435 2074 1566 2134 Nos

188 2156 353 2217 enim
408 2158 513 2217 ita.
536 2155 823 2237 philologi
860 2154 1049 2215 sumus
1097 2198 1118 2227 ,
1169 2170 1234 2215 ut
1282 2154 1380 2213 vel
1433 2174 1566 2215 cum

189 2236 371 2298 fabris
415 2236 673 2298 habitare
716 2238 1046 2317 possimus:
1101 2234 1379 2294 habemus
1416 2234 1565 2295 hanc

190 2316 631 2401 philosophiam
652 2362 673 2391 ,
708 2338 831 2375 non
871 2315 943 2375 ab
980 2314 1276 2395 Hymetto
1307 2360 1326 2389 ‚
1355 2312 1455 2375 sed
1493 2316 1569 2375 ab

176 2410 331 2459 jarea
365 2395 589 2478 Cjtea.
630 2398 849 2457 Marius
887 2396 950 2457 &
978 2395 1312 2457 valetudine
1346 2394 1464 2469 est,
1501 2396 1571 2457 &

192 2478 407 2538 natura
434 2479 799 2555 imbecillior.
830 2475 929 2537 De
958 2476 1421 2557 interpellatione
1445 2494 1573 2537 tan-

193 2577 326 2619 tum
367 2557 589 2639 sumam
628 2566 661 2619 a
688 2556 861 2620 vobis
891 2559 1168 2638 temporis
1206 2557 1282 2615 ad
1319 2555 1574 2616 scriben-

196 2638 345 2699 dum
371 2682 392 2712 ‚
430 2644 709 2719 quantum
754 2637 995 2697 dabitis:
1036 2636 1254 2697 utinam
1292 2638 1433 2696 nihil
1465 2637 1574 2696 de-

198 2722 271 2779 tis
297 2754 318 2792 ,·
356 2736 425 2778 ut
457 2722 651 2799 potius
689 2716 877 2781 vestra
912 2716 1116 2797 injuria
1140 2760 1160 2790 ,
1198 2716 1372 2797 quam
1410 2720 1576 2797 igna-

196 2801 302 2863 via
348 2800 487 2859 mea
526 2799 735 2864 cess'em
779 2799 797 2860 l
851 2796 953 2859 De
992 2798 1288 2879 republica
1329 2796 1572 2857 nimium

202 2897 277 2958 te.
308 2878 575 2963 laborare
616 2882 793 2973 dpleo
826 2922 849 2956 ,
915 2879 983 2942 δι
1006 2931 1012 2937 .
1032 2879 1341 2943 meliorem
1381 2880 1578 2942 civem
