1998 3814
450 344 605 398 212
740 315 1503 398 'Epzsrozanvn

1698 402 1734 423 s

448 436 741 497 scribenda
781 439 854 498 ad
889 462 1001 500 vos
1041 442 1260 521 putavi.
1314 438 1491 521 Regis
1531 436 1830 520 Antiophi

452 514 841 601 Commageni
870 520 1247 603 legatiprimi
1277 520 1414 581 mihi
1446 522 1833 595 nuntiarunt,

450 594 795 659 Parthorum
812 620 1048 682 magnas
1067 603 1262 680 copias
1281 599 1634 679 Euphratem
1645 618 1834 661 trans·

451 678 534 737 ire
580 678 819 758 coepiss'e.
858 700 872 738 t
934 682 1306 762 quo'nuntio
1344 680 1516 741 allato
1561 725 1579 753 ,
1723 681 1833 741 iim

450 754 634 818 effent
656 762 956 835 nonnulli,
980 764 1080 841 qui
1101 764 1158 822 ei
1183 762 1304 841 regi
1327 763 1618 819 minorem
1688 761 1834 821 dem

450 834 779 899 habendam
816 858 1080 919 putarent
1114 886 1135 915 ‚
1173 841 1338 899 statui
1374 838 1833 919 exspeaandum

452 916 563 977 effe
583 964 605 991 ,
644 922 691 977 si
728 921 865 999 quid
894 925 1103 983 certius
1143 918 1452 1001 afferretut.
1473 919 1551 990 Α.
1591 921 1653 980 d.
1675 939 1832 999 xum,

450 996 584 1057 Kal.
619 998 865 1060 Oetobr.
936 1024 1074 1061 uum
1109 1004 1423 1061 exercitum
1453 1003 1514 1059 in
1549 998 1830 1063 Ciliciam

452 1078 765 1153 ducerem,
800 1083 865 1139 iu
932 1082 1100 1141 nibus
1137 1081 1452 1159 Lycaonia
1487 1080 1552 1141 &
1579 1078 1674 1141 Ca
1721 1104 1837 1161 pa-

453 1156 633 1217 dociae
692 1162 832 1219 mihi
884 1162 1090 1226 litterae
1143 1162 1380 1223 redditae
1424 1158 1550 1220 sunt
1586 1182 1620 1219 a
1725 1184 1832 1222 at·-

452 1238 793 1299 condimoto
833 1284 851 1313 ,
892 1245 991 1321 qui
1028 1240 1395 1301 fidelissimus
1435 1238 1618 1299 socius
1662 1254 1829 1303 tr'ans

451 1314 708 1377 Taurum
730 1364 750 1393 ,
791 1319 1271 1403 amiciisimusque
1317 1321 1520 1401 populi
1551 1319 1826 1383 'Romani

450 1395 840 1472 existimatum
877 1398 1159 1463 Pacorum
1193 1398 1418 1479 Orodis
1441 1445 1462 1475 ‚
1499 1402 1652 1479 regis
1693 1401 1832 1463 Par-

447 1479 681 1539 thorum
711 1524 730 1553 ,
770 1478 951 1541 filium
974 1526 995 1554 ,
1036 1500 1170 1542 cum
1204 1500 1520 1561 permagno
1551 1484 1820 1562 equitatu

356 1583 365 1591 ·
448 1556 713 1619 Parthico
767 1560 1020 1623 transisse
1077 1560 1429 1640 Enphsatem
1458 1604 1477 1633 ,
1525 1560 1590 1620 δι
1641 1562 1824 1640 castra

448 1638 691 1719 posuiffe
756 1640 951 1721 Tybae
990 1664 1008 1714 ;
1069 1659 1459 1722 magnumque
1503 1642 1822 1703 tumultum

455 1717 569 1779 effe
601 1722 661 1779 in
698 1723 997 1799 provincia
1023 1712 1192 1803 Syria
1228 1724 1556 1781 excitatum.
1589 1720 1826 1783 Eodem

457 1798 552 1859 die
596 1802 669 1862 ab
722 1798 1008 1863 -Jamhlico
1057 1844 1080 1870 0.
1136 1798 1458 1881 phylarcho
1507 1800 1826 1880 Arabum,

458 1899 635 1960 quem
683 1878 950 1942 homines
1005 1882 1314 1962 opinantur
1362 1880 1513 1941 bene
1553 1878 1767 1944 sentire
1808 1929 1832 1960 ,

452 1963 815 2042 amicumque
850 1959 961 2024 esse
992 1961 1322 2042 reipublicae
1347 1958 1552 2020 nostrae
1571 2005 1590 2035 ‚
1615 1963 1825 2024 litterae

453 2037 529 2098 de
588 2038 812 2100 eisdem
851 2042 1021 2104 rebus
1064 2042 1208 2100 mibi
1245 2041 1486 2102 redditae
1520 2039 1668 2103 sunt.
1715 2045 1826 2105 His

452 2118 625 2180 rebus
663 2120 843 2181 allatis
874 2168 895 2198 ‚
935 2125 1044 2182 etsi
1077 2119 1474 2204 intelligebam
1509 2119 1704 2184 socios
1739 2127 1828 2184 in·-

453 2197 617 2260 firm&
663 2203 943 2264 animatos
1002 2200 1111 2263 esse
1143 2246 1162 2274 ‚
1201 2201 1264 2262 &
1302 2223 1583 2262 novarum
1625 2225 1822 2276 rerum

453 2279 875 2360 exspefiatione
912 2280 1202 2372 suspensos
1231 2327 1252 2356 ,
1281 2277 1325 2342 ’s
1357 2279 1589 2342 erabam
1626 2302 1826 2346 tamen

454 2379 559 2419 eos
604 2405 622 2433 ‚
679 2361 753 2420 ad
798 2382 946 2440 quos
980 2383 1106 2440 Jam
1162 2381 1293 2422 acce
1377 2381 1498 2422 ram
1529 2407 1550 2436 ,
1603 2366 1822 2446 quique

454 2437 705 2500 nostram
770 2441 1245 2504 consuetudinem
1310 2443 1430 2502 inte
1473 2443 1818 2525 ‚ritatemque

454 2518 861 2600 perspexerint
885 2569 905 2598 ‚
942 2525 1243 2604 amicioros
1281 2543 1404 2604 pop
1541 2523 1821 2587 Romano

456 2598 569 2661 esse
629 2599 866 2676 fafios3
926 2599 1194 2664 Ciliciam
1255 2622 1448 2664 autem
1500 2601 1822 2666 firmiorem

454 2677 583 2742 fore
627 2727 647 2757 ,
702 2683 753 2740 si
787 2683 1065 2766 aequitatis
1111 2680 1313 2743 nostrae
1351 2683 1641 2766 particeps
1682 2683 1824 2746 fafia

458 2760 618 2826 effet.
678 2758 752 2823 Et
802 2763 881 2824 ob
918 2785 1049 2826 eam
1099 2762 1322 2823 causam
1349 2807 1370 2836 ‚
1419 2761 1583 2824 &·ut
1618 2769 1850 2846 oppii--

454 2857 747 2906 merentur
798 2845 838 2906 ii
874 2887 897 2922 ,
954 2847 1054 2930 qui
1099 2863 1171 2908 ex
1223 2841 1478 2908 Cilicum
1532 2864 1712 2933 gente
1761 2848 1818 2909 in
