1998 3814
343 406 479 459 AD
513 392 960 462 FAMILIAR.
994 394 1164 461 Lm.
1195 390 1354 463 XV.
1403 408 1556 487 235

184 502 517 565 consulatfis
545 550 566 579 ‚
612 503 701 567 .C.
746 504 1032 566 Marcell-o
1087 507 1324 567 consule
1357 506 1508 569 salto
1539 552 1564 582 ,

176 581 439 643 frufiium
467 584 716 665 cepisse,
743 585 1124 647 vehementer
1151 588 1397 669 gaudeo.
1419 587 1560 648 Non

173 662 389 725 dubito
413 710 436 737 ,
476 665 616 745 quid
650 664 956 745 praesentes
990 666 1266 727 sentiant:
1295 690 1404 728 nos
1438 672 1565 749 qui-

170 742 311 803 dem
348 745 707 827 longinqui,
740 744 803 805 &
833 766 867 804 a
897 765 955 807 te
989 746 1116 827 ipso
1143 749 1304 807 missi
1337 750 1396 807 in
1425 749 1560 808 ulti·-

166 840 293 883 mas
338 842 597 906 gentes,
632 824 707 885 ad
742 825 955 885 coelum
989 827 1320 887 mehercule
1354 846 1413 888 te
1440 828 1560 888 tol·

166 902 343 963 limus
404 906 727 966 verissimis
780 926 849 965 ac
901 903 1216 983 justissimis
1272 907 1556 969 laudibus.

166 980 329 1057 Nam
357 1029 388 1057 ‚
434 1004 623 1065 quum
661 1001 723 1047 te
768 1005 802 1042 a
839 988 1084 1067 pueritia
1119 1006 1216 1047 tua
1255 986 1420 1045 uriice
1457 988 1556 1047 di·-

164 1062 427 1124 lexerim
451 1108 473 1137 ‚
510 1080 687 1145 tuque
720 1084 815 1123 me
856 1067 915 1124 in
956 1068 1115 1126 omni
1156 1085 1368 1147 genere
1397 1064 1557 1126 sem-

165 1162 275 1222 per
316 1144 752 1223 amplissimum
794 1142 905 1205 effe
946 1146 1010 1207 δι
1044 1146 1338 1219 volueris,
1376 1144 1437 1203 &
1467 1144 1562 1224 ju·-

167 1222 428 1297 dicaris;
458 1241 586 1283 tum
614 1224 729 1283 hoc
749 1224 847 1283 vel
874 1241 977 1285 tuo
1005 1224 1158 1287 facio
1177 1271 1196 1298 ‚
1228 1225 1323 1286 vel
1353 1227 1560 1307 populi

165 1301 445 1363 Romani
484 1304 562 1363 de
599 1324 659 1364 te
696 1300 910 1381 judicio
934 1350 955 1377 ‚
996 1306 1184 1365 multb
1224 1307 1404 1366 aci-ihs
1437 1326 1554 1366 ve-
1625 1300 1640 1321 ⁸

168 1380 627 1463 hementit‘isque
681 1383 857 1465 diligo
894 1404 915 1441 t
952 1384 1320 1467 maximaque
1361 1386 1558 1447 laetitia

168 1460 404 1524 afficior
431 1509 451 1538 ‚
487 1484 665 1543 quum
704 1464 778 1523 ab
808 1464 1134 1525 homi-nibus
1170 1466 1554 1545 prudentissi-

168 1545 281 1603 mis
316 1589 339 1614 ,
395 1543 651 1625 virisque
696 1544 927 1622 optimis
966 1589 987 1618 ‚
1040 1543 1308 1604 omnibus
1352 1544 1511 1603 dietis
1533 1588 1556 1619 ‚

170 1620 337 1683 faffis
358 1668 378 1696 ‚
414 1620 649 1697 studiis,
680 1620 937 1683 institutis
959 1669 979 1697 ‚
1009 1624 1110 1685 vel
1141 1644 1238 1685 me
1279 1626 1363 1685 tui
1397 1624 1556 1683 simi-

168 1703 293 1763 lem
339 1702 461 1763 ess‘e
501 1704 672 1763 audio
694 1748 712 1775 ,
750 1704 849 1763 vel
889 1721 947 1763 te
982 1708 1120 1765 mei.
1167 1704 1368 1764 Unum
1405 1704 1556 1765 verb'

177 1784 223 1841 si
265 1784 466 1844 addis
494 1784 569 1843 ad
610 1784 1063 1863 praeclarissimas
1104 1804 1196 1848 res
1235 1784 1556 1847 consulatfis

170 1867 257 1944 tui
284 1911 306 1940 ‚
351 1882 421 1924 ut
467 1882 565 1926 aut
610 1863 751 1924 mihi
790 1862 1056 1925 succedat
1087 1864 1263 1946 quam
1301 1866 1553 1946 primam

174 1946 387 2026 aliquis
412 1989 433 2017 ‚
472 1963 568 2005 aut
601 1965 676 2006 ne
754 1943 851 2004 uid
889 1945 1123 2007 accedat
1162 1949 1441 2025 temporis
1478 1945 1554 2006 ad

172 2024 233 2084 id
262 2071 283 2098 ‚
386 2025 506 2084 uod
548 2041 608 2084 tu
658 2025 739 2084 mi
778 2025 800 2084 i
851 2021 916 2082 &
964 2022 1450 2085 senatusconsulto
1491 2026 1556 2086 &

172 2105 315 2188 lege
402 2103 559 2176 nisti,
592 2107 789 2164 omnia
822 2123 919 2165 me
956 2125 1062 2184 per
1087 2122 1146 2165 te
1180 2104 1554 2166 consecutum

176 2187 430 2264 putabo.
466 2182 625 2248 Cura
654 2203 717 2247 ut
748 2183 942 2245 valeas
967 2229 985 2256 ‚
1031 2186 1094 2245 &
1131 2204 1228 2242 me
1259 2183 1554 2244 absentem

177 2265 393 2347 diligas
436 2310 456 2338 ‚
509 2281 677 2344 atque
724 2263 1024 2324 defendas·
1093 2261 1249 2342 Quae
1290 2264 1428 2322 mihi
1476 2263 1554 2324 de
1667 2315 1674 2325 .

173 2344 406 2405 Parthis
444 2348 700 2404 nuntiata
745 2343 907 2415 sunt,
941 2346 1075 2424 quia
1114 2365 1236 2404 non
1276 2343 1552 2426 putabam

176 2446 209 2484 a
252 2445 356 2486 me
390 2426 565 2484 etiam
606 2443 759 2483 nunc
796 2424 1092 2501 scribenda
1139 2423 1552 2505 esse“publice,

177 2514 504 2585 propterea
564 2523 638 2564 ne
696 2525 803 2584 pro
861 2502 1246 2567 familiaritate
1309 2503 1553 2584 quidem

180 2584 379 2646 nostra
409 2583 572 2644 volui
603 2583 675 2642 ad
705 2603 763 2644 te
796 2582 1036 2644 scribere
1061 2603 1080 2656 ;
1111 2603 1226 2657 ne,
1257 2603 1434 2666 quum
1473 2583 1550 2644 ad

180 2664 486 2809 {onsulam
545 2662 880 2748 scripsiss'em
931 2707 956 2736 ,
1019 2663 1250 2746 publice
1319 2663 1554 2727 viderer

205 2766 383 2829 cripsi
427 2764 482 2806 e.
