1998 3814
465 357 619 427 292
681 336 1520 406 *zmsrozawn

459 453 562 512 ciae
583 495 604 524 ,
637 467 810 531 atque
841 453 899 510 in
923 449 1149 510 auribus
1172 453 1436 510 omnium
1470 446 1741 545 gentium
1772 469 1849 510 ae
1944 443 1946 456 ⁴

461 534 763 592 nationum
813 529 926 592 effe
975 533 1232 609 positam
1272 531 1296 592 ἓ
1342 551 1479 607 ‘non
1528 531 1851 590 itineribus

412 636 421 645 1
461 612 574 671 tuis
611 615 916 690 perterreri
956 609 1269 672 homines?
1302 632 1423 670 non
1462 609 1703 690 filmptu
1732 629 1849 671 ex·

455 689 714 753 hauriri?
748 713 873 752 non
898 690 1172 752 ‚adventu
1218 689 1631 752 commoveri?
1672 689 1797 751 effe
1824 733 1845 763 ,

461 790 836 850 quocumque
887 773 1117 832 veneris
1142 816 1163 845 ‚
1204 771 1267 830 &
1306 770 1537 851 publice
1558 816 1579 844 ‚
1612 770 1684 832 &
1718 773 1851 852 pri·

454 853 637 916 vatim
701 853 1017 912 maximam
1075 851 1343 912 laetitiam.
1374 873 1393 924 ;
1454 871 1638 931 quum
1700 852 1843 911 urbs

454 929 752 993 custodem
775 978 794 1005 ,
825 951 947 991 non
975 946 1293 1010 tyrannum
1318 976 1337 1005 ,
1382 933 1593 990 domus
1624 930 1845 1012 hospi-

453 1029 578 1072 tem
593 1059 612 1085 ‚
641 1035 762 1072 non
787 1013 1171 1091 expilatorem
1188 1057 1207 1086 ‚
1231 1010 1503 1091 recepiffe
1522 1010 1841 1072 videatur?

537 1091 670 1154 III.
724 1091 833 1151 His
885 1111 1081 1152 autem
1121 1095 1183 1150 in
1227 1091 1396 1152 rebus
1434 1090 1553 1169 jem
1592 1109 1653 1150 te
1704 1091 1841 1152 usus

451 1171 576 1252 ipse
635 1172 902 1254 profeffla
953 1171 1205 1232 erudivit
1224 1215 1245 1244 ‚
1282 1191 1661 1253 nequaquam
1705 1171 1841 1234 fitis

453 1250 568 1312 effe
610 1297 628 1326 ,
684 1253 870 1333 ipsum
920 1251 1087 1312 hasce
1142 1252 1354 1313 habere
1403 1254 1697 1324 virtutes,
1740 1253 1841 1314 sed

453 1329 568 1395 esse
629 1329 1203 1412 circumspiciendum
1250 1333 1555 1414 diligenter
1587 1377 1610 1406 ‚
1658 1351 1733 1392 ut
1774 1337 1837 1394 in

351 1475 360 1480 δ
451 1412 561 1472 hac
629 1413 887 1474 custodia
940 1415 1257 1492 provinciae
1307 1433 1429 1472 non
1478 1431 1536 1474 te
1593 1432 1779 1472 unum
1808 1457 1831 1488 ‚

453 1492 554 1553 sed
599 1513 806 1556 omnes
841 1491 1129 1554 ministros
1166 1495 1401 1572 imperii
1436 1495 1565 1566 tui,
1604 1492 1777 1554 sociis
1812 1539 1835 1568 ,

455 1574 522 1632 &
575 1576 800 1636 civibus
834 1617 857 1647 ‚
917 1573 984 1635 δὲ
1038 1573 1365 1652 reipublicae
1419 1571 1685 1654 praestare
1732 1577 1833 1635 vi·-

453 1654 648 1714 deare.
681 1655 1057 1734 Quamquam
1088 1653 1311 1735 legatos
1344 1655 1523 1714 habes
1550 1674 1697 1726 eos»,
1732 1657 1835 1734 qui

452 1736 562 1812 ipsi
600 1754 706 1814 per
747 1735 804 1798 se
848 1734 1096 1794 habituri
1149 1737 1266 1794 sint
1301 1737 1589 1795 rationem
1631 1734 1831 1816 digni-

453 1816 583 1874 tatis
618 1815 728 1874 suae
771 1836 792 1886 ς
835 1815 910 1874 de
949 1815 1155 1896 quibus
1194 1815 1419 1875 honore
1459 1859 1480 1889 ‚
1524 1815 1589 1874 &
1630 1814 1831 1896 digni-

452 1912 569 1955 tate
589 1940 604 1968 ,
644 1895 707 1959 &
741 1912 906 1958 aetate
936 1893 1159 1976 praestat
1186 1893 1427 1961 Tubero
1446 1941 1468 1969 ‚
1500 1916 1679 1977 quem
1710 1916 1825 1977 ego

452 1977 698 2035 arbitror
738 2022 758 2049 ‚
817 1975 1133 2055 praesertim
1178 1996 1357 2057 quum
1404 1976 1609 2035 scribat
1652 1974 1829 2035 histo-

452 2058 598 2117 riam
627 2103 645 2132 ,
690 2056 904 2117 multos
945 2076 1021 2117 ex
1051 2056 1161 2117 suis
1196 2058 1497 2117 annalibus
1530 2055 1691 2137 poffe
1728 2057 1833 2117 de·

451 2138 632 2219 ligere
672 2183 697 2212 ‚
745 2158 891 2217 quos
938 2138 1085 2198 velit
1122 2181 1145 2208 ,
1204 2137 1269 2197 &
1328 2140 1519 2216 possit
1570 2140 1777 2197 imitari
1804 2156 1825 2195 z

453 2220 722 2281 Allienus
774 2236 966 2277 autem
1008 2214 1197 2281 noster
1248 2214 1371 2289 est,
1412 2238 1595 2296 quum
1632 2219 1835 2277 animo·

455 2298 520 2355 δι
547 2299 1016 2369 benevolentia,
1056 2314 1179 2357 tum
1226 2296 1370 2357 verb
1412 2298 1593 2357 etiam
1636 2301 1819 2357 imita·

448 2378 612 2437 tione
639 2379 900 2441 vivendi.
929 2376 1085 2437 Nam
1118 2378 1259 2458 quid
1292 2398 1407 2457 ego
1444 2376 1519 2437 de
1561 2376 1819 2439 Gratidio

458 2456 692 2519 dicam?
745 2478 920 2539 quem
969 2459 1129 2518 certo
1166 2457 1281 2517 scio
1329 2460 1413 2515 ita
1450 2458 1709 2517 laborare
1746 2456 1818 2517 de

453 2538 871 2599 existimatione
911 2538 1047 2611 sua,
1092 2555 1157 2599 ut
1188 2556 1431 2619 propter
1474 2558 1733 2599 amorem
1756 2540 1815 2596 in

455 2612 566 2679 :ios
612 2618 924 2684 fraternum
949 2662 968 2691 ,
1016 2620 1193 2679 etiam
1239 2618 1311 2679 de
1352 2616 1547 2677 nostra
1584 2620 1817 2679 laboret.

457 2698 826 2778 Quaestorem
875 2699 1053 2759 habes
1086 2740 1111 2772 ‚
1163 2718 1284 2757 non
1318 2715 1423 2758 tuo
1463 2696 1680 2775 judicio
1720 2698 1815 2757 de-

451 2780 696 2854 leflum,
734 2780 830 2842 sed
861 2798 998 2842 eum
1028 2822 1047 2852 ,
1084 2798 1258 2859 quem
1296 2777 1415 2839 sors
1448 2778 1811 2839 deditzhunc

449 2879 686 2940 oportet
727 2860 793 2921 &
839 2858 936 2921 sua
983 2858 1189 2941 sponte
1238 2856 1351 2921 effe
1396 2860 1751 2923 moderatum
1774 2900 1799 2931 ‚
