1998 3814
344 362 467 413 AD
496 348 939 416 FAMILIAR.
963 344 1138 417 Lm.
1161 345 1326 417 XV.
1355 344 1534 442 ‘237

166 453 375 537 Quare
427 482 461 519 a
511 480 570 519 te
614 476 755 539 peto
802 458 1083 538 majorem
1127 461 1185 517 in
1242 460 1481 519 modum
1515 504 1540 537 ‚

160 554 229 597 ut
275 555 373 597 me
436 560 543 619 per
594 558 651 599 te
698 539 875 619 quam
926 542 1352 599 ornatissimum
1391 542 1536 600 velis

161 614 311 689 effe3
345 639 657 700 meamque
698 620 761 678 &
788 622 848 699 iu
874 618 1289 699 supplicatione·
1323 614 1538 681 decer-'-

164 698 368 757 nenda
392 744 413 771 ‚
456 700 519 758 &
540 702 605 775 „iri
635 702 841 759 ceteris
864 700 1032 759 rebus
1063 693 1540 760 exffstimationeui

162 777 299 837 satis
336 778 445 840 tibi
486 778 599 839 effe
640 780 1104 842 commendatam
1141 797 1326 859 putes.
1366 780 1538 853 Vale.

239 906 344 967 M.
384 904 466 967 T.
498 906 585 967 C.
642 904 812 968 Im.
854 904 937 967 C.
996 908 1464 970 MARCELLO

586 984 769 1049 Cos,
826 986 885 1047 S.
929 986 996 1047 P.
1037 986 1122 1049 D.

166 1120 655 1171 Stante-Artem:
691 1118 785 1167 sibi
825 1120 1012 1169 decreta·
1035 1154 1049 1178 ,
1088 1120 1268 1187 gratias
1306 1120 1405 1188 aegir
1431 1139 1538 1172 con-

234 1190 345 1261 suli
362 1226 379 1247 ,
424 1192 471 1240 ὃ*
494 1192 767 1259 propediem
798 1194 861 1240 ad
892 1192 1046 1243 urbem
1067 1190 1121 1259 se
1141 1192 1251 1258 fhre
1285 1194 1542 1263 significat.

242 1266 401 1315 Anno
447 1262 511 1313 U.
550 1267 605 1314 C.
645 1281 759 1331 7⁰3·
988 1284 993 1288 ·

176 1430 273 1474 rr.
302 1394 757 1501 Quart-ruz
806 1434 953 1473 curae
994 1414 1100 1475 tibi
1145 1434 1308 1475 meus
1349 1414 1540 1477 honos'

168 1494 388 1567 fuerit,
438 1494 502 1553 &
545 1494 719 1575 quam
754 1495 911 1555 idem
943 1493 1216 1555 exstiteris
1252 1494 1447 1554 consul
1481 1500 1541 1556 in

172 1593 272 1635 me
308 1574 575 1634 ornando
598 1619 618 1647 ‚
660 1575 723 1633 &
751 1573 1156 1653 amplificando
1177 1620 1196 1648 ‚
1230 1578 1330 1655 qui
1355 1574 1544 1635 fueras

172 1653 413 1735 semper
444 1673 578 1714 cum
614 1655 941 1734 parentibus
977 1658 1090 1714 tuis
1139 1654 1206 1715 &
1247 1674 1380 1717 cum
1421 1654 1550 1716 tota-

175 1734 409 1808 domo,
441 1734 551 1807 etri
584 1754 675 1795 res
713 1732 830 1813 ipsa
864 1735 1205 1815 loquebatur
1228 1778 1249 1807 ,
1291 1736 1544 1817 cognovi

175 1832 379 1875 tamen
425 1833 501 1874 ex
534 1834 797 1875 meorum
846 1817 1108 1874 omnium
1146 1816 1367 1875 litteris.
1420 1814 1544 1875 Ita-

174 1917 293 1976 que
346 1894 489 1955 nihil
526 1893 613 1970 est
644 1913 861 1956 tanturn
882 1941 903 1968 ,
948 1895 1109 1978 quod
1142 1916 1258 1978 ego
1292 1917 1413 1956 non
1445 1896 1546 1956 tui

177 1975 354 2036 causi
385 1975 631 2036 debeam
650 2021 670 2049 ‚
700 1975 947 2036 saffirus
974 1996 1050 2036 ue
1085 1979 1192 2036 sim
1224 1997 1400 2056 quum
1429 1975 1548 2038 stuss

177 2055 350 2117 diose
385 2101 407 2129 ‚
450 2071 579 2116 tum
618 2056 884 2116 libenter.
926 1999 1080 2116 §am
1127 2061 1319 2140 magni
1369 2059 1547 2118 intera

174 2135 265 2198 est
300 2183 319 2208 ‚
381 2137 473 2195 cui
512 2135 723 2196 debeas
761 2137 1045 2196 :debere
1095 2153 1288 2195 autem
1329 2135 1550 2196 nemini

181 2217 366 2277 malui
404 2261 426 2289 ‚
486 2214 660 2295 quam
691 2215 793 2275 tibi
830 2237 850 2289 ;
903 2220 991 2275 cui
1025 2236 1119 2276 me
1155 2235 1332 2294 quum
1365 2213 1550 2276 studia

180 2297 523 2358 eommunia
538 2341 561 2369 ‚
587 2293 869 2356 beneficia
893 2305 1132 2375 paterna
1151 2340 1171 2366 ,
1195 2313 1405 2376 tuaque
1430 2293 1550 2376 jam'

182 2377 322 2437 ante
360 2373 805 2453 conjunxerant3
836 2375 1237 2448 tumaccedit,
1267 2376 1399 2434 mea
1422 2373 1554 2457 quii

183 2457 329 2517 dem
354 2455 636 2514 sententia
652 2499 671 2528 ,
701 2459 1015 2514 maximum
1037 2457 1364 2528 vinculum,
1389 2455 1551 2538 qubd

160 2539 269 2596 -ita
294 2535 713 2615 rempublicam
744 2537 891 2616 geris
911 2581 931 2609 ‚
960 2551 1130 2618 atque
1157 2533 1404 2616 gessisti,
1436 2537 1557 2615 qua⁴
1611 2587 1618 2594 .

186 2616 335 2676 mihi
379 2617 559 2676 carius
598 2614 737 2674 nih-il
776 2613 855 2679 est
888 2659 910 2689 ‚
954 2623 1025 2676 ut³
1055 2661 1074 2688 ‚
1131 2633 1409 2694 quantum
1444 2615 1554 2673 tibi

186 2716 401 2758 omnes
432 2695 572 2756 boni
601 2696 851 2756 debeant
868 2740 887 2767 ‚
922 2697 1042 2774 qub
1077 2697 1264 2754 minus
1299 2709 1554 2753 tantum-

190 2777 333 2837 dem
389 2795 500 2858 ego
558 2797 703 2836 unus
750 2775 997 2835 debeam
1031 2819 1052 2848 ‚
1111 2795 1234 2834 non
1279 2771 1558 2836 recusem&

190 2855 611 2938 Quamobrem
663 2856 769 2917 tibi
814 2857 995 2918 velim
1036 2855 1096 2916 hi
1149 2855 1264 2915 sint
1310 2855 1494 2916 exitus
1531 2858 1557 2934 f,
