1998 3814
391 309 535 380 An
560 309 1031 381 FAuzztAR.
1056 309 1229 382 Lm.
1254 310 1390 380 XI.
1473 329 1569 406 3¹

201 424 527 490 devoravit.
561 423 758 506 Quod
789 440 990 485 autem
1024 421 1217 488 scribis
1232 471 1252 501 ‚
1280 443 1341 488 te
1356 472 1377 500 ‚
1406 429 1576 511 quod

206 528 310 588 pro
345 529 406 570 te
461 507 592 588 ipso
637 529 760 568 non
803 505 980 566 facias
1004 549 1024 579 ‚
1070 505 1132 564 id
1172 529 1279 588 pro
1318 528 1413 570 me
1436 554 1457 584 ,
1510 527 1579 572 ut

199 589 270 650 de
313 611 410 651 me
449 593 662 649 timeas
699 587 916 669 aliquid
941 605 964 658 ;
994 589 1158 647 omni
1190 606 1253 650 te
1278 618 1307 663 ‚-
1326 591 1419 652 vir
1459 611 1575 671 op-

197 672 338 730 time
375 717 396 747 ,
443 672 704 751 mihique
751 669 1041 728 carissime
1080 665 1255 731 Brute
1285 715 1304 743 ,
1366 670 1441 736 de
1474 689 1575 734 me

197 769 356 814 metu
397 751 614 814 libero.
663 749 791 840 Ego
845 751 1004 809 enim
1028 795 1049 824 ‚
1103 771 1229 831 quae
1268 751 1567 834 provideri

197 849 516 914 poterunt,
558 853 684 892 non
715 829 880 891 fallar
917 832 976 890 in
1022 833 1129 904 iis3
1176 853 1301 914 quae
1342 835 1573 894 cautio-

197 934 335 976 nem
367 936 497 974 non
525 912 824 974 habebunt
846 956 867 984 ,
901 911 976 971 de
1012 912 1101 970 his
1131 934 1250 973 non
1284 916 1364 974 ita
1392 914 1571 978 valde

197 991 425 1056 laboro.
489 992 615 1054 Sim
677 995 836 1053 enim
899 991 1207 1075 impudens
1248 1039 1271 1068 ‚
1338 996 1387 1056 si
1439 995 1575 1076 plus

197 1075 494 1157 postulem
518 1121 538 1148 ,
575 1074 750 1155 quum
794 1073 1020 1132 homini
1064 1097 1101 1134 a
1139 1095 1332 1136 rerum
1370 1095 1577 1137 natura

200 1157 370 1217 tribui
413 1155 631 1238 potest.
670 1154 859 1234 Qubd
888 1155 1033 1240 milii
1070 1158 1332 1236 praecipis
1368 1172 1434 1216 ut
1463 1179 1572 1216 ca-
1613 1227 1624 1240 ι

199 1257 372 1300 veam
397 1284 420 1311 ‚
473 1257 548 1297 ne
580 1282 599 1310 ,
641 1235 905 1297 timendo
935 1280 954 1307 ‚
1008 1240 1187 1318 magis
1219 1239 1423 1299 timere
1456 1259 1575 1298 co-

237 1341 300 1379 ar
326 1365 348 1393 ‚
385 1319 452 1378 &
485 1317 780 1397 sapienter
813 1317 875 1376 ὅ(
909 1318 1253 1378 amicissime
1282 1321 1572 1401 praecipis.

237 1401 314 1461 ed
352 1400 537 1460 velim
569 1399 674 1458 tibi
713 1397 1055 1479 persuadeas
1080 1443 1097 1471 ,
1130 1420 1313 1481 quum
1332 1403 1397 1460 'te
1428 1421 1578 1462 con·

193 1479 303 1543 stet
361 1481 655 1542 excellere
717 1480 834 1540 hoc
892 1499 1105 1562 genere
1166 1483 1391 1541 virtutis
1435 1527 1457 1553 ‚
1506 1500 1576 1544 ut

193 1583 518 1644 numquam
571 1559 910 1622 enimescas
927 1605 950 1634 ‚
981 1580 1297 1642 numquam
1339 1579 1568 1642 pertur-

203 1642 340 1705 bere
366 1691 384 1717 ,
432 1663 531 1704 me
562 1642 696 1701 huic
725 1660 838 1702 tuae
869 1645 1071 1702 virtuti
1100 1643 1370 1724 proxime
1404 1663 1575 1704 acce-

198 1725 357 1786 dere.
409 1722 822 1805 Quamobrem
865 1743 1057 1804 neque
1100 1741 1355 1785 metuam
1394 1726 1573 1806 quid-

195 1825 372 1887 quam
395 1851 415 1880 ‚
457 1806 525 1866 δι
564 1803 790 1865 cavebo
823 1809 1041 1866 o'mnia.
1084 1803 1203 1866 Sed
1244 1806 1381 1866 vide
1423 1849 1445 1880 ‚
1496 1827 1573 1868 ne

195 1904 298 1949 tua
336 1907 460 1968 jam
485 1932 505 1962 ‚
533 1888 626 1945 ⁴mi
671 1883 846 1947 Brute
876 1932 896 1960 ‚
939 1887 1033 1947 cul
1076 1909 1110 1947 a
1142 1884 1331 1949 futura
1368 1888 1440 1948 sit
1467 1933 1487 1963 ,
1513 1889 1579 1950 'si

195 1988 312 2053 ego
353 1970 680 2051 quidquam
717 1971 980 2029 timeam.
1098 1971 1185 2029 uis
1234 1971 1393 2029 enim
1429 1972 1577 2049 opi-

187 2051 306 2111 bus
329 2095 350 2125 ‚
413 2050 481 2111 &
525 2046 822 2109 consulatu
877 2064 984 2110 tuo
1021 2094 1042 2125 ,
1084 2053 1260 2111 etiam
1298 2052 1346 2110 si
1382 2051 1572 2113 timidi

199 2130 445 2192 effemus
465 2176 487 2206 ,
527 2146 723 2191 tamen
766 2150 1007 2191 omnem
1044 2134 1318 2193 timorem
1351 2130 1573 2210 abjice-

195 2232 394 2274 remus
423 2232 445 2285 ;
501 2210 815 2292 praesertim
855 2232 1033 2291 quum
1070 2210 1393 2292 persuasum
1432 2232 1573 2271 om-

199 2296 369 2355 nibus
411 2290 555 2355 esset
580 2337 598 2365 ,
644 2291 900 2372 mihique
947 2293 1195 2354 maxime
1217 2338 1238 2368 ‚
1287 2316 1321 2353 a
1360 2308 1418 2353 te
1461 2314 1575 2355 nos

195 2377 370 2437 unice
413 2374 614 2455 diligi.-
664 2371 941 2435 Consiliis
993 2376 1107 2435 tuis
1138 2418 1159 2448 ,
1204 2394 1331 2457 quae
1374 2372 1569 2435 scribis

199 2458 274 2519 de
304 2450 557 2539 quatuor
584 2454 909 2535 legionibus
934 2499 954 2530 ‚
1001 2455 1193 2536 deque
1239 2458 1389 2534 agris
1429 2458 1573 2515 assi-

205 2538 445 2621 guandis
489 2535 566 2596 ab
604 2534 857 2617 utrisque
898 2533 1153 2598 vestrum
1178 2580 1197 2609 ‚
1244 2538 1570 2597 vehemen-

211 2634 291 2679 ter
350 2616 644 2681 ass‘entior.
700 2616 902 2699 mque
965 2638 1145 2699 quum
1205 2618 1438 2699 quidam
1494 2616 1570 2677 de

197 2700 440 2785 ’collegis
476 2696 686 2759 nostris
716 2701 994 2780 agrariam
1027 2701 1383 2760 curationem
1412 2698 1575 2778 ligu-

205 2784 378 2844 rirent
403 2827 426 2857 ‚
485 2778 795 2841 disturbavi
847 2800 974 2841 rem
989 2810 1023 2855 ·‚
1057 2796 1362 2861 totamque
1401 2776 1574 2839 vobis

205 2864 491 2950 integram
539 2859 848 2926 reservavi.
905 2860 968 2924 Si
1016 2860 1160 2945 quid
1206 2862 1314 2921 erit
1366 2860 1572 2925 occul-⁶

1224 2938 1369 3005 Biv
