1998 3814
296 366 427 419 AD
462 347 553 441 Q.
584 348 985 419 FRATREM
1019 348 1196 420 Lm.
1227 352 1292 423 1.
1337 370 1424 446 3¹
1444 374 1480 424 1

107 460 304 525 nostra
364 465 517 523 ratio
563 461 645 523 est
678 506 699 537 ,
756 480 821 525 ut
870 484 1076 525 omnes
1123 462 1264 525 boni
1316 486 1516 547 quum·

110 544 363 605 faveant
390 586 411 617 ,
451 560 581 604 tum
612 548 790 605 etiam
836 564 873 603 a
910 546 1080 605 nobis
1121 564 1362 606 omnem
1393 548 1494 607 di-
1535 610 1540 617 ,

103 626 420 707 ligentiam
458 669 479 698 ‚
513 625 903 707 'virtutemque
940 626 1006 685 δι
1041 625 1330 705 postulent
1363 672 1383 701 ‚
1428 628 1496 689 δι

107 703 455 786 exspeflem
474 725 493 763 z
530 726 737 769 omnes
766 724 963 767 autem
990 708 1246 786 improbi
1279 707 1494 789 (qubd

108 808 243 848 cum
268 790 346 846 iis
388 785 611 845 bellum
646 786 991 869 suscepimus
1028 786 1486 872 sempiternum)

107 870 207 927 vel
252 865 511 927 minima
549 886 613 927 re
655 868 729 927 ad
765 868 1309 948 reprehendendum
1347 890 1494 931 con-

110 950 259 1009 tenti
328 944 453 1007 effe
514 946 836 1008 videantur.
895 947 1102 1027 Quare
1139 994 1159 1021 ‚
1213 952 1491 1030 quoniam

111 1027 414 1109 ejusmodi
456 1026 743 1087 theatrum
790 1030 903 1089 tuis
932 1030 1236 1091 virtutibus
1268 1027 1350 1090 est
1385 1031 1495 1090 da-
1615 1058 1624 1065 ·

110 1125 237 1169 tum
266 1154 289 1183 ,
328 1106 667 1169 celebritate
699 1108 1132 1169 refertissimum
1153 1154 1174 1183 ,
1210 1114 1496 1192 magnitu-

114 1190 249 1251 dine
284 1188 751 1269 amplissimum‚
779 1187 991 1267 judicio
1017 1192 1495 1265 eruditissimum,

116 1271 327 1331 natm-5.
363 1285 561 1328 autem
600 1272 678 1329 ita
710 1269 977 1329 reson'ans
1005 1314 1026 1341 ‚
1065 1288 1128 1331 ut
1158 1270 1332 1352 usque
1365 1276 1494 1333 Ro·-

118 1372 277 1413 mam
326 1347 783 1431 significationes
829 1395 851 1424 ,
904 1349 1196 1431 vocesque
1234 1352 1494 1411 referan-

119 1450 252 1507 τοῖς
294 1429 601 1493 contende
630 1475 650 1505 ,
696 1430 889 1511 quaeso
926 1476 946 1503 ‚
990 1448 1160 1512 atque
1201 1431 1435 1492 elabora
1473 1477 1495 1507 ,

120 1534 241 1573 non
292 1510 489 1571 modb
537 1528 601 1571 ut
650 1512 739 1571 his
796 1512 967 1573 rebus
1027 1512 1230 1593 dignus
1280 1510 1441 1571 fuisse
1473 1557 1494 1586 ,

123 1593 221 1653 sed
252 1595 443 1654 etiam
482 1609 547 1651 ut
580 1591 677 1651 illa
712 1594 909 1652 omnia
948 1595 1056 1653 tuis
1088 1593 1298 1653 artibus
1330 1591 1500 1674 supe-

123 1672 265 1734 rasse
304 1671 571 1733 videare.

205 1753 367 1815 XV.
410 1750 485 1811 Et
562 1755 795 1812 uoniam
832 1751 977 1813 mihi
1021 1751 1178 1812 casus
1221 1754 1498 1813 urbanam

128 1837 184 1894 in
226 1772 655 1917 magistoeataus
700 1831 1270 1893 administrationem·
1295 1836 1512 1915 reipu-

126 1915 297 1976 blicae
316 1959 338 1990 ‚
380 1914 485 1972 tibi
536 1915 953 1995 provincialem
1003 1915 1162 1974 dedit
1207 1936 1226 1988 3
1277 1919 1324 1976 si
1367 1936 1502 1978 mea

130 2019 260 2078 pars
320 1996 543 2055 nemini
598 1995 753 2055 cedit
777 2040 797 2067 ‚
836 1994 927 2054 fac
947 2039 967 2071 ‚
1005 2013 1068 2056 ut
1121 2014 1220 2055 tua
1272 2015 1498 2058 ceteros

126 2081 355 2140 vincat.
387 2074 665 2137 Simul&
692 2075 833 2136 illud
871 2076 1100 2157 cogita,
1123 2097 1232 2136 nos
1269 2097 1388 2135 non
1420 2077 1498 2138 de

130 2160 359 2239 reliqua
379 2201 400 2230 ‚
437 2155 503 2216 &
544 2155 763 2236 sperata
806 2157 991 2237 glozfia
1038 2154 1154 2235 jam
1199 2157 1514 2231 laborare·‚·

131 2239 231 2300 sed
272 2239 349 2300 de
392 2254 551 2316 parta
586 2237 857 2296 dimicare
885 2237 1064 2316 :quae
1105 2235 1342 2317 quidem
1377 2257 1502 2298 non

132 2336 277 2380 tam.
300 2315 635 2397 expetenda
679 2317 851 2378 nobis
892 2315 1038 2389 fuit,
1071 2317 1246 2398 quem
1287 2318 1502 2380 tuenda

134 2400 240 2461 est.
302 2397 399 2458 Ac
450 2399 497 2457 si
550 2395 688 2456 mihi
743 2395 1057 2477 quidquam
1105 2395 1248 2458 esset
1292 2398 1392 2458 abs
1439 2417 1504 2460 te

134 2480 500 2561 separatum,
522 2477 661 2536 nihil
690 2477 933 2556 amplius
969 2478 1357 2539 desiderarem
1385 2479 1503 2540 hoc

136 2559 323 2634 statu,
344 2560 447 2641 qui
478 2557 617 2616 mihi
650 2553 764 2632 jam
795 2575 988 2638 partus
1021 2557 1102 2618 est
1128 2577 1144 2616 t
1177 2561 1504 2619 nunc-verb

139 2663 231 2701 res
262 2644 347 2702 sic
378 2638 493 2700 sese
524 2638 730 2712 habet,
749 2656 847 2711 ut,
870 2640 979 2696 nisi
1007 2640 1204 2698 omnia
1232 2654 1332 2697 tua
1359 2637 1508 2698 faGta

140 2739 313 2804 atque
366 2717 514 2780 dian
568 2715 769 2777 nostris
822 2716 993 2776 rebus
1046 2716 1206 2776 istinc
1259 2717 1512 2798 respon·-

144 2805 321 2864 deant
336 2847 357 2876 ,
380 2820 496 2883 ego
534 2818 629 2859 me
661 2799 807 2858 meis
841 2797 1336 2858 tantisffllaboribus
1374 2814 1510 2858 tan·-

143 2883 325 2964 tisque
363 2880 631 2964 periculis
650 2921 671 2954 ‚
696 2897 945 2959 quorum
981 2893 1046 2940 tu
1079 2879 1343 2940 omnium
1381 2899 1515 2962 purg
