1998 3814
318 349 451 400 AD
482 325 571 423 Q.
594 325 991 399 Fkainfflu
1010 333 1180 402 Lm.
1204 332 1302 426 IL
1354 327 1508 428 361'

127 450 265 506 tate.
299 443 453 507 Sunt
484 445 583 506 ista
620 447 855 528 quidem
889 465 1100 542 magna
1125 493 1144 522 ,
1173 448 1268 509 vel
1309 451 1502 530 potiils

126 530 391 586 maxima
428 547 445 586 ε
496 527 719 588 habent
762 530 921 588 enim
958 549 1082 589 v1m
1119 550 1387 612 magnam
1427 533 1504 590 ad

126 608 382 689 gloriam
404 651 424 680 ,
464 607 529 667 δε
564 609 638 668 ad
672 609 949 668 summam
989 609 1348 692 dignitatem.
1385 609 1503 670 Sed

125 690 272 748 mihi
322 688 503 749 crede
536 733 556 763 ‚
606 709 778 770 quem
821 687 967 748 nosti
1003 709 1022 762 ;
1081 690 1239 770 quod
1280 693 1340 751 in
1386 688 1502 751 istis

126 769 301 830 rebus
328 789 453 850 ego
484 769 713 849 plurimi
744 767 959 830 aestimo
982 813 1002 841 ‚
1031 769 1090 829 id
1121 767 1237 848 jam
1269 771 1456 832 habeo
1481 793 1502 845 ;

125 865 181 910 te
214 849 443 910 scilicet
474 851 724 930 primilm
761 867 879 910 tam
907 848 1308 911 inservientem
1339 873 1502 911 com-

128 933 293 990 muni
354 931 673 1010 dignitati3
734 929 947 991 deinde
1001 927 1238 990 Caesaris
1281 949 1506 993 tantum

127 1012 186 1069 in
226 1030 331 1070 me
374 1031 636 1070 amorem
657 1053 675 1083 ‚
724 1031 898 1090 quem
937 1012 1208 1070 omnibus
1249 1011 1335 1070 his
1381 1013 1499 1072 ho-

126 1093 417 1164 mribus,
456 1112 606 1170 quos
646 1094 743 1150 me
782 1115 817 1150 a
858 1090 917 1151 se
958 1089 1282 1170 exspefiiare
1330 1093 1453 1153 vult
1484 1137 1506 1166 ,

127 1181 457 1252 antepone.
523 1170 752 1232 Litterae
796 1171 941 1233 verb
1001 1168 1125 1248 ejus
1181 1171 1297 1232 una
1351 1173 1499 1233 datae

129 1270 266 1312 cum
326 1253 441 1312 tuis
476 1295 498 1325 ,
560 1272 798 1333 quarum
851 1250 1080 1312 initium
1136 1251 1217 1313 est
1250 1299 1269 1326 ‚
1323 1253 1501 1334 quam

130 1331 318 1394 suavis
366 1333 425 1391 ei
464 1349 593 1392 tuus
639 1333 918 1394 adventus
955 1331 1126 1392 fuerit
1147 1378 1166 1406 ‚
1201 1333 1265 1392 &
1299 1353 1500 1393 recor-

132 1414 290 1474 datio
326 1417 545 1472 veteris
582 1415 833 1484 amoris·,
866 1413 1078 1474 deinde
1103 1458 1122 1487 ,
1169 1413 1225 1474 se
1267 1411 1502 1474 effectu·

130 1516 259 1554 rum
288 1541 309 1568 ‚
345 1489 415 1553 ht
454 1513 569 1575 ego
600 1497 661 1554 in
700 1493 897 1554 medio
930 1493 1136 1554 dolore
1170 1514 1235 1553 ac
1268 1494 1501 1555 deside-

132 1577 219 1635 rio
266 1576 398 1647 tui,
438 1591 495 1634 te
524 1620 543 1648 ‚
591 1595 769 1655 quum
810 1595 845 1632 a
884 1594 979 1635 me
1020 1571 1231 1634 abeffes
1258 1619 1278 1648 ‚
1314 1577 1504 1654 potis·-

132 1659 347 1714 simiim
392 1653 587 1714 secum
629 1653 740 1716 ess'e
781 1655 1003 1715 laetarer
1029 1700 1047 1728 ,
1093 1655 1505 1716 incredibiliter

135 1737 515 1796 delectarunt.
572 1733 777 1814 Quare
817 1733 957 1794 facis
993 1753 1057 1796 tu
1137 1735 1330 1796 uidem
1375 1735 1501 1796 fra-

134 1819 336 1890 terne,
374 1814 539 1896 qubd
576 1835 673 1877 me
709 1816 951 1875 hortaris
981 1861 999 1889 ,
1040 1815 1096 1876 se
1172 1817 1500 1878 mehercule

134 1913 465 1960 currentem
504 1917 657 1972 nunc
680 1897 935 1977 'quidem
960 1941 979 1970 ‚
1033 1916 1098 1958 ut
1135 1900 1330 1959 omnia
1364 1918 1500 1958 mea

135 1978 320 2039 studia
346 1966 601 2037 in'istum
632 2000 809 2039 unum
838 1976 1154 2057 conferam.
1199 1976 1246 2037 E
1289 2002 1322 2037 o
1351 1980 1503 2038 verb

135 2061 363 2121 ardenti
406 2059 640 2139 quidem
686 2059 870 2119 studio
906 2078 923 2117 τ
976 2079 1043 2118 ac
1089 2057 1240 2119 forta
1286 2080 1318 2119 e
1364 2056 1504 2118 effi-
1545 2104 1550 2107 -

136 2143 286 2201 ciam
311 2186 332 2214 ,
372 2140 533 2219 quod
575 2138 721 2220 saepe
760 2140 1077 2199 viatoribus
1118 2160 1296 2221 quum
1351 2158 1502 2217 pro-

137 2241 381 2303 perant,
418 2223 657 2294 evenit3
696 2236 799 2294 ut,
840 2222 886 2281 si
924 2218 1098 2280 seriils
1129 2263 1148 2292 ,
1188 2218 1362 2300 quam
1394 2240 1504 2280 vo-

136 2304 369 2362 luerunt
410 2345 429 2373 ,
482 2300 635 2361 forte
688 2300 1031 2362 surrexerint
1055 2346 1074 2375 ,
1128 2300 1502 2381 properando

139 2386 316 2443 etiam
366 2381 531 2442 citiixs
571 2427 590 2455 ,
646 2381 821 2461 quim
869 2382 917 2439 si
973 2380 1046 2440 de
1101 2382 1279 2441 multa
1327 2380 1503 2442 nocie

136 2460 458 2545 vigilassent
491 2507 510 2535 ‚
571 2465 908 2541 perveniant
960 2461 1079 2541 qui)
1126 2463 1354 2522 velint:
1413 2464 1500 2521 sic

138 2561 253 2625 ego
287 2587 308 2615 ‚
373 2543 649 2623 cfuoniam
700 2544 761 2602 in
804 2539 907 2601 isto
955 2541 1194 2602 homine
1245 2541 1501 2602 colendo

134 2642 255 2683 tam
294 2623 611 2682 indormivi
656 2622 752 2683 diu
799 2666 817 2695 ‚
869 2640 929 2681 te
972 2621 1298 2683 mehercule
1350 2621 1504 2701 saepe

136 2708 425 2765 excitante
471 2749 493 2777 ‚
552 2702 711 2762 cursu
770 2705 1056 2783 corrigam
1111 2703 1440 2768 tarditatem
1484 2744 1516 2781 ,-

136 2802 261 2845 tum
300 2786 467 2865 equis
506 2827 527 2856 ,
576 2789 703 2842 tum
741 2784 887 2843 verb
936 2782 964 2863 (
998 2787 1274 2862 quoniam
1309 2782 1504 2841 scribis

135 2870 355 2948 poetna
401 2863 475 2925 ab
514 2881 591 2923 eo
636 2862 893 2926 nostrum
930 2862 1220 2946 probari)
1265 2861 1506 2943 quadri-

222 2949 277 3009 T
268 2966 426 3007 omns
459 2944 607 3009 XII·
902 3007 923 3015 ,,
1235 2940 1305 3024 Q
