1998 3814
428 339 606 430 ’344-
743 325 1498 398 ,ΕΡιετοιΑκυΜ

448 464 579 506 mus
600 485 621 518 ,
676 442 934 504 eruditur
977 463 1116 528 egre
1158 441 1256 504 ie:
1289 440 1404 501 hoc
1435 461 1594 502 nunc
1629 443 1826 526 magis

448 522 851 585 animadverto
875 567 896 598 ,
926 526 1087 606 qubd
1177 524 1427 604 yrannio
1460 523 1638 584 docet
1665 524 1826 604 apud

450 623 569 666 me.
612 602 846 664 Domus
886 603 1179 686 utriusque
1222 599 1479 663 nostrflm
1507 601 1828 664 aedificatur

450 683 698 748 strenue.
737 683 1124 768 Redemptori
1158 703 1262 747 tuo
1298 683 1602 746 dimidium
1635 705 1827 766 pecu-

451 765 562 827 niae
597 767 815 825 curavi.
856 764 1043 847 Spero
1077 787 1188 827 nos
1223 782 1355 825 ante
1382 765 1638 826 hiemem
1676 784 1824 826 con-

450 846 782 922 tubernales
840 845 991 910 fore.
1051 845 1152 908 De
1201 843 1398 906 nostra
1443 844 1638 906 Tullia
1664 889 1688 920 ‚
1739 848 1825 906 tui

422 925 789 988 -mehercule
818 929 1245 1002 amantissima,
1281 925 1448 1006 spero
1478 947 1614 987 cum
1651 923 1829 988 Cras-

454 1008 662 1090 sipede
712 1026 825 1068 nos
864 1006 1191 1069 confecisse.
1250 1005 1399 1067 Dies
1441 1025 1608 1068 erant
1649 1007 1768 1068 duo
1799 1052 1821 1082 ,

457 1091 560 1192 qui
594 1085 720 1169 post
760 1087 990 1153 Latinas
1026 1088 1307 1149 habentur
1344 1087 1643 1171 religiosi3
1675 1107 1827 1149 cete·

456 1190 588 1232 rum
631 1212 652 1243 ,
682 1168 809 1249 ‘qui‘
854 1167 1188 1231 confestum
1233 1185 1360 1231 erat
1417 1167 1613 1230 Latiar
1629 1212 1654 1241 ,
1709 1185 1828 1232 erat

341 1303 345 1308 .
454 1251 730 1314 exiturus.

606 1377 953 1442 Murcus
1033 1377 1124 1462 Q.
1181 1363 1528 1452 ,Flu-nu
1611 1340 1701 1442 ss

462 1513 561 1568 ΒΕ
595 1514 799 1584 pecunia
848 1512 1074 1583 Pompeio
1114 1512 1162 1562 in
1197 1511 1513 1580 frumentaria
1557 1511 1702 1582 causa
1747 1514 1825 1564 de·

536 1603 666 1640 creta
684 1627 709 1656 ,
749 1587 804 1637 de
848 1605 961 1656 agro
1004 1583 1241 1653 Campani)
1273 1587 1386 1653 quid
1413 1587 1463 1638 in
1487 1584 1662 1654 senatu
1689 1588 1828 1638 aaut

539 1661 604 1711 sit
627 1695 641 1720 ,
686 1667 734 1718 6·
773 1661 831 1710 de
867 1661 947 1710 M.
978 1659 1122 1710 Furio
1154 1657 1330 1710 Flacco
1363 1678 1390 1710 ι
1421 1660 1644 1730 collegiis
1674 1661 1830 1728 eje&-

538 1735 685 1785 Anno
727 1737 794 1800 U.
832 1736 887 1784 C.
926 1739 1041 1800 697.
1139 1741 1146 1770 ἲ

497 1912 552 1973 5.
579 1826 1082 1957 DEDERAM
1121 1891 1198 1953 ad
1243 1910 1300 1954 te
1341 1892 1560 1956 litteras
1604 1910 1773 1955 antea
1809 1938 1830 1967 ‚

512 1974 678 2036 uibus
722 1993 844 2037 erat
896 1973 1168 2055 scriptum
1203 2018 1224 2049 ,
1279 1973 1537 2036 Tulliam
1588 1973 1836 2035 nostram

464 1996 813 2195 {rassipedi
844 2054 992 2136 prid.
1031 2054 1191 2115 Non.
1224 2054 1410 2135 April.
1442 2053 1558 2116 effe
1593 2054 1840 2137 despon-

492 2156 587 2195 am
630 2158 650 2210 ;
711 2154 1016 2216 ceteraque
1058 2135 1130 2194 de
1169 2136 1464 2216 republica
1499 2138 1840 2219 privataque

470 2216 924 2299 perscripseram.
958 2213 1161 2275 Postea
1189 2216 1316 2276 sunt
1347 2217 1470 2278 haec
1505 2215 1652 2277 aaa.
1685 2216 1839 2277 Non.

470 2296 662 2379 April.
716 2296 1206 2359 senatusconsulto
1259 2296 1548 2377 Pompeio
1595 2298 1840 2378 pecunia

472 2378 708 2438 decreta
777 2380 839 2438 in
904 2396 1029 2437 rem
1081 2376 1511 2438 frumentariam
1576 2377 1656 2438 ad
1707 2376 1838 2437 H-S

472 2474 669 2519 cccc.
704 2457 826 2518 Sed
857 2458 1073 2518 eodem
1108 2456 1201 2517 die
1235 2458 1616 2519 vehementer
1659 2458 1840 2519 actum

470 2536 549 2598 de
580 2558 719 2621 agro
746 2536 1059 2619 Campano
1076 2581 1095 2611 ,
1121 2538 1378 2599 clamore
1406 2536 1632 2599 sena'tfis
1661 2538 1840 2620 prope

472 2620 837 2681 concionali:
869 2620 1151 2681 acriorem
1183 2619 1410 2681 causam
1436 2621 1642 2699 inopia
1671 2640 1842 2701 pecu-

470 2704 587 2761 niae
642 2698 890 2761 faciebat
936 2746 957 2775 ,
1027 2700 1093 2761 ὃ(
1142 2721 1386 2760 annonae
1434 2702 1658 2759 caritas.
1709 2698 1841 2759 Non

472 2784 909 2861 praetermittam
932 2824 951 2853 ,
976 2800 1068 2842 v-ne
1109 2780 1251 2840 illud
1331 2780 1563 2841 uidem:
1599 2778 1691 2840 Μ.
1728 2780 1838 2839 Fu-

466 2864 626 2929 rium
673 2863 943 2927 Flaccum
964 2905 985 2938 ,
1025 2863 1282 2947 equitem
1381 2880 1660 2925 omanum
1681 2905 1701 2937 ,
1735 2859 1842 2923 ho-
