1998 3814
270 333 403 386 41)
436 313 949 410 ρ.-Ρ’ΜΤΒΒΜ
974 317 1150 386 LJB.
1173 314 1306 386 III.
1353 327 1502 412 373·

116 427 381 492 Caesaris
412 430 655 494 ‘summo
686 431 747 490 in
802 450 913 490 nos
960 449 1158 492 amore
1195 452 1212 490 z
1247 433 1396 494 hunc
1435 431 1503 494 ’δε

115 527 183 576 tu
226 509 475 573 fovebis
493 555 515 586 ,
544 509 607 571 δι
644 531 789 583 note,
832 509 1283 591 quibuscumque
1318 529 1506 609 pote·-

114 591 311 654 rimus
337 593 509 652 rebus
524 633 545 663 ,
578 591 937 674 augebimus.
968 587 1070 655 De
1093 590 1376 674 Pompeio
1394 637 1419 667 ,
1439 595 1504 654 Bc

114 670 285 732 facio
336 672 643 754 diligenter
664 717 684 745 ‚
728 671 792 732 &
832 669 1042 730 faciam
1077 673 1238 753 quod
1275 693 1506 735 mones.

112 749 327 830 Quod
370 753 477 814 tibi
518 771 651 812 mea
685 752 987 832 permissio
1031 756 1340 815 mansionis
1391 772 1508 818 ωε

116 848 295 913 grata.
333 830 418 891 est
437 878 458 906 ‚
489 831 551 892 id
597 852 717 914 ego
744 830 969 894 summo
1017 833 1396 894 meo-dolore
1417 903 1426 910 ,
1445 835 1510 896 &

119 911 439 974 desiderio
460 956 485 987 ‚
506 929 703 974 tamen
728 931 801 974 ex
820 927 983 992 parte
1008 914 1255 994 gaudeo.
1273 913 1340 974 In
1361 915 1512 996 Hip·

121 993 413 1072 podamis
428 1037 447 1066 ,
492 993 558 1052 &
602 994 891 1056 nonnullis
939 993 1062 1054 aliis
1117 987 1458 1056 arcessiendis
1487 1040 1510 1070 ,

124 1074 277 1154 quid
338 1075 599 1156 cogites,
628 1095 751 1135 non
800 1073 1106 1154 intelligo:
1147 1094 1322 1136 nemo
1366 1072 1513 1152 isto-

124 1173 267 1214 rum
290 1153 381 1215 est
403 1197 423 1226 ,
460 1155 599 1234 quin
620 1153 724 1214 abs
749 1171 807 1213 te
841 1175 1096 1230 munus„
1123 1153 1287 1214 fundi
1309 1155 1514 1216 subur-

128 1233 275 1294 bani
338 1233 505 1294 instar
539 1278 560 1307 ‚
616 1232 923 1315 exspeQet.
973 1231 1314 1298 Trebatium
1367 1237 1522 1298 verb·

126 1334 347 1376 meum
416 1315 539 1376 uod
571 1313 680 1375 isto
706 1314 1048 1386 admisceam,
1090 1316 1230 1377 nihil
1249 1314 1330 1378 est
1355 1336 1372 1375 z
1397 1337 1430 1378 e
1474 1339 1518 1378 o

132 1395 315 1456 illum
349 1418 383 1456 a
456 1393 744 1457 Caesarem
774 1398 946 1469 misi,
978 1397 1077 1476 qui
1115 1397 1254 1456 mihi
1280 1394 1396 1473 jam
1430 1337 1517 1458 iga·

135 1475 367 1538 tisfecit
392 1498 409 1536 τ
442 1477 491 1535 si
530 1478 645 1556 ipsi
674 1478 865 1536 minus
890 1519 911 1549 ‚
942 1473 1205 1556 praestare
1231 1477 1374 1536 nihil
1405 1477 1518 1538 de-

136 1553 261 1618 beo
294 1577 316 1632 3
354 1575 533 1638 teque
574 1559 715 1618 item
770 1557 843 1616 ab
884 1577 960 1616 eo
1011 1557 1248 1619 vindico
1270 1601 1290 1631 ‚
1331 1557 1400 1618 βε
1439 1557 1520 1619 li-

140 1637 318 1699 bero.
353 1636 550 1715 Quod
579 1636 773 1698 ‚scribis
814 1655 875 1697 te
922 1659 956 1696 a
994 1633 1220 1698 Caesare
1299 1638 1522 1700 uotidie

142 1719 278 1796 plus
302 1719 509 1799 diligi,
535 1717 939 1778 immortaliter
1001 1718 1192 1778 audeo
1223 1657 1522 1780 :ahiham

145 1802 296 1860 verb
323 1844 345 1874 ,
382 1800 491 1879 qui
530 1795 614 1859 est
649 1796 799 1860 istius
842 1799 940 1856 rei*
1027 1799 1522 1880 quemadmodum

149 1876 401 1962 scribis)
440 1876 669 1959 adjutor
695 1924 715 1953 ‚
766 1881 829 1937 in
876 1877 1058 1939 oculis
1093 1878 1240 1942 fero.
1281 1877 1524 1943 Trebo-

150 1962 313 2025 nium
353 1979 554 2021 meum
597 1981 634 2019 a
664 1975 720 2021 te
764 1962 939 2019 amari
968 2002 989 2033 ,
1032 1970 1092 2020 'te
1136 1982 1206 2021 ue
1255 1963 1328 2021 ab
1369 1962 1471 2023 illo
1498 2004 1522 2037 ‚

150 2042 513 2127 pergaudeo.
542 2040 641 2102 De
666 2040 951 2101 tribunatu
1015 2062 1092 2101 uo
1157 2040 1348 2107 scribis
1366 2084 1386 2114 ‚
1405 2060 1526 2123 ego

152 2128 299 2185 vero
342 2124 689 2183 nominatim
741 2122 925 2201 petivi
1035 2122 1186 2181 urtio
1213 2164 1232 2193 ,
1275 2120 1338 2181 ὃ(
1385 2122 1528 2181 mihi

154 2202 271 2282 ipse
298 2201 495 2264 Caesar
526 2203 863 2263 nominatim
888 2199 1099 2261 Curtio
1127 2215 1390 2280 paratum
1413 2199 1529 2263 effe

154 2283 447 2364 rescripsit
464 2326 485 2356 ‚
507 2300 817 2362 meamque
848 2283 909 2340 in
945 2279 1209 2363 rogando
1249 2300 1534 2342 verecum-

160 2362 319 2425 diam
354 2361 704 2445 objurgavit.
751 2360 813 2421 Si
858 2364 951 2421 cui
1028 2380 1264 2422 raeterea
1301 2365 1529 2443 petiero

142 2442 267 2584 {id
306 2442 473 2527 quod
509 2438 933 2521 etiam‚0ppio
1002 2444 1083 2501 ixi
1105 2487 1125 2516 ,
1156 2460 1220 2503 ut
1255 2444 1330 2503 ad
1365 2445 1531 2505 illum

184 2523 481 2605 criberet)
524 2522 690 2583 facile
721 2525 901 2603 patiar
932 2522 1076 2583 mihi
1101 2526 1298 2604 negari
1316 2566 1336 2596 ‚
1373 2544 1533 2603 quo-

162 2609 319 2669 niam
355 2606 485 2678 illi,
522 2606 623 2684 qui
655 2600 877 2665 molesti
916 2600 1044 2663 sunt
1063 2646 1083 2676 ‚
1118 2603 1226 2664 sibi
1271 2606 1468 2684 negari
1497 2622 1534 2663 a

164 2706 257 2752 me
294 2706 419 2751 non
440 2683 609 2745 facile
669 2684 934 2763 atiunturq.
955 2681 1086 2765 Ego
1121 2682 1402 2745 Curtium.
1417 2683 1445 2761 (
1463 2682 1528 2743 id

146 2768 327 2847 ‚quod
358 2767 470 2849 ipsi
512 2707 673 2847 dixit}
708 2782 830 2823 non
853 2764 1036 2824 modo
1067 2766 1408 2845 rogatione,
1432 2760 1536 2824 sed

172 2851 349 2911 etiam
385 2844 712 2911 testimonio
742 2862 844 2909 tuo
882 2842 1062 2929 diligo
1083 2888 1103 2920 ‚
1141 2842 1308 2927 qubd
1336 2844 1542 2911 litteris
