1998 3814
434 357 589 444 '332
662 342 809 412 ΕΡ.
832 357 957 412 AD
986 339 1078 432 Q.
1108 341 1350 412 FRAT.
1379 340 1556 412 Lze.
1583 341 1644 412 I.

436 461 571 520 ante
606 457 879 520 dedecori
914 477 1038 518 non
1071 475 1253 517 eram.
1295 454 1412 516 Sed
1445 471 1506 514 tu
1527 499 1550 528 ,
1589 471 1653 515 ut
1677 453 1814 516 ante

436 540 514 602 ad
553 558 611 600 te
643 538 879 618 scripsi,
906 536 1168 618 perspice
1205 556 1330 596 rem
1356 582 1376 610 ‚
1407 537 1470 596 &
1498 555 1765 616 pertenta
1789 556 1812 610 ;

442 621 509 680 &
534 621 607 680 ad
629 639 757 691 me,
780 636 843 680 ut
864 636 1134 698 tempora
1159 615 1352 676 nostra
1371 663 1390 689 ‚
1419 637 1540 676 non
1565 634 1631 676 ut
1649 639 1814 677 amor

438 717 572 762 tuus
590 697 701 760 fert
714 743 732 771 ‚
749 701 889 760 vere
910 697 1215 780 perscribe.
1235 696 1362 779 Ego
1379 699 1564 756 vitam
1580 740 1601 770 ‚
1619 697 1812 778 quoad

440 781 662 862 putabo
692 780 790 840 tua
820 777 1079 843 interesse
1107 823 1127 851 ‚
1153 797 1251 840 aut
1287 777 1360 837 ad
1392 777 1554 857 spem
1586 777 1813 839 servan-

442 861 581 922 dam
604 857 717 921 esse
734 860 1070 934 :retinebm
1092 857 1188 918 Tu
1213 859 1381 918 nobis
1407 860 1812 919 amicissimum

443 940 707 1003 Sextium
741 939 1092 1022 cognosces3
1125 940 1300 999 credo
1331 940 1431 999 tu&
1460 939 1634 998 causa
1661 941 1811 1000 velle

444 1021 762 1084 Lentulum
778 1066 797 1093 ,
820 1024 915 1101 qui
936 1021 1048 1080 erit
1067 1018 1292 1080 consul:
1317 1040 1668 1100 quamquam
1691 1020 1812 1081 sunt

449 1101 596 1164 facia
626 1101 817 1162 verbis
849 1099 1190 1160 difficiliora.
1239 1098 1339 1160 Tu
1391 1101 1453 1159 &
1491 1101 1635 1180 quid
1669 1121 1812 1182 opus

452 1184 525 1242 sit
541 1229 562 1256 ,
592 1181 655 1242 &
686 1182 824 1262 quid
848 1184 919 1241 sit
939 1225 963 1253 ,
982 1180 1234 1240 videbis.
1257 1179 1526 1241 Omnino
1541 1225 1560 1254 ,
1591 1184 1642 1240 si
1665 1199 1814 1241 tuam

450 1262 818 1324 solitudinem
878 1279 1367 1341 communemque
1437 1262 1816 1323 calamitatem

452 1363 633 1404 nemo
670 1342 997 1424 despexerit
1021 1386 1040 1412 ‚
1079 1358 1177 1402 aut
1221 1359 1327 1420 per
1359 1357 1420 1402 te
1463 1341 1680 1404 confici
1721 1345 1821 1404 ali·

454 1424 594 1506 quid
610 1468 630 1498 ,
656 1441 753 1484 aut
780 1423 941 1482 nullo
968 1421 1154 1482 modo
1181 1424 1430 1502 poterit:
1461 1426 1550 1483 sin
1585 1440 1646 1485 te
1681 1445 1820 1505 quo-

456 1523 569 1587 que
606 1506 823 1564 inimici
855 1522 1070 1582 vexare
1104 1506 1386 1581 coeperint
1409 1549 1428 1575 ‚
1459 1522 1535 1565 ne
1572 1503 1822 1566 cessaris:

460 1605 583 1646 non
628 1588 783 1646 enim
816 1583 1018 1664 gladiis
1058 1599 1293 1656 tecum,
1327 1583 1426 1644 sed
1466 1585 1664 1645 litibus
1701 1607 1828 1669 age·

462 1682 575 1726 tur.
613 1665 839 1726 vertum
879 1663 1003 1723 haec
1045 1663 1230 1722 absint
1272 1665 1473 1724 velim.
1528 1663 1626 1727 Te
1667 1688 1772 1728 oro
1809 1711 1829 1741 ,

460 1765 525 1810 ut
552 1745 625 1806 ad
652 1765 749 1806 me
785 1745 859 1804 de
894 1743 1162 1805 omnibus
1196 1744 1368 1804 rebus
1401 1745 1610 1806 scribas
1633 1792 1655 1821 ,
1683 1748 1746 1808 &
1771 1751 1828 1808 in

462 1847 561 1888 me
598 1827 771 1898 animi
810 1826 1003 1905 potiils
1041 1841 1140 1884 am
1177 1826 1401 1886 consilii
1442 1845 1612 1906 putes
1649 1831 1834 1888 minhs

466 1906 580 1969 esse
612 1949 633 1980 ,
684 1906 860 1988 quem
895 1922 1106 1979 antea3
1146 1909 1356 1968 amoris
1391 1907 1541 1970 verb
1561 1952 1584 1985 ,
1614 1909 1681 1973 ὃ(
1707 1907 1836 1971 offi-

468 1991 543 2051 cii
568 2006 689 2047 non
720 1988 935 2047 minos.
984 1996 989 2001 “
